Order ID,Customer Name,Category,Sub Category,City,Order Date,Region,Sales,Discount,Profit
OD1,Harish,Oil & Masala,Masalas,Vellore,11-08-2017,North,1254,0.12,401.28
OD2,Sudha,Beverages,Health Drinks,Krishnagiri,11-08-2017,South,749,0.18,149.8
OD3,Hussain,Food Grains,Atta & Flour,Perambalur,06-12-2017,West,2360,0.21,165.2
OD4,Jackson,Fruits & Veggies,Fresh Vegetables,Dharmapuri,10-11-2016,South,896,0.25,89.6
OD5,Ridhesh,Food Grains,Organic Staples,Ooty,10-11-2016,South,2355,0.26,918.45
OD6,Adavan,Food Grains,Organic Staples,Dharmapuri,06-09-2015,West,2305,0.26,322.7
OD7,Jonas,Fruits & Veggies,Fresh Vegetables,Trichy,06-09-2015,West,826,0.33,346.92
OD8,Hafiz,Fruits & Veggies,Fresh Fruits,Ramanadhapuram,06-09-2015,West,1847,0.32,147.76
OD9,Hafiz,Bakery,Biscuits,Tirunelveli,06-09-2015,West,791,0.23,181.93
OD10,Krithika,Bakery,Cakes,Chennai,06-09-2015,West,1795,0.27,484.65
OD11,Ganesh,Snacks,Chocolates,Karur,06-09-2015,West,1903,0.13,437.69
OD12,Yadav,"Eggs, Meat & Fish",Eggs,Namakkal,06-09-2015,West,701,0.1,308.44
OD13,Sharon,Snacks,Cookies,Dindigul,4/15/2018,South,1659,0.19,315.21
OD14,Peer,Fruits & Veggies,Fresh Vegetables,Kanyakumari,12-05-2017,West,1277,0.25,63.85
OD15,Sundar,"Eggs, Meat & Fish",Chicken,Kanyakumari,11/22/2016,Central,831,0.22,207.75
OD16,Ramesh,Oil & Masala,Edible Oil & Ghee,Krishnagiri,11/22/2016,Central,1440,0.11,100.8
OD17,Alan,Bakery,Cakes,Dharmapuri,11-11-2015,Central,1678,0.28,318.82
OD18,Arutra,Beverages,Health Drinks,Bodi,5/13/2015,West,1617,0.19,113.19
OD19,Haseena,"Eggs, Meat & Fish",Mutton,Tenkasi,8/27/2015,West,1757,0.35,386.54
OD20,Verma,Beverages,Soft Drinks,Kanyakumari,8/27/2015,West,692,0.29,159.16
OD21,Hafiz,Beverages,Health Drinks,Vellore,8/27/2015,West,522,0.19,208.8
OD22,Alan,Food Grains,Dals & Pulses,Karur,12-09-2017,Central,948,0.13,47.4
OD23,Haseena,Beverages,Soft Drinks,Krishnagiri,12-09-2017,Central,707,0.34,148.47
OD24,Alan,Fruits & Veggies,Organic Vegetables,Tenkasi,7/16/2018,East,969,0.29,77.52
OD25,Sharon,"Eggs, Meat & Fish",Eggs,Ooty,9/25/2016,West,1100,0.11,495
OD26,Krithika,Snacks,Chocolates,Tirunelveli,1/16/2017,West,2022,0.11,202.2
OD27,Muneer,Snacks,Cookies,Trichy,1/16/2017,West,541,0.12,43.28
OD28,Jackson,Bakery,Biscuits,Viluppuram,9/17/2016,East,979,0.22,401.39
OD29,Veronica,Beverages,Soft Drinks,Krishnagiri,9/17/2016,East,1988,0.22,874.72
OD30,Shah,Oil & Masala,Masalas,Kanyakumari,9/17/2016,East,989,0.17,69.23
OD31,Ramesh,Beverages,Soft Drinks,Dharmapuri,9/17/2016,East,1845,0.24,166.05
OD32,Mathew,Snacks,Noodles,Vellore,9/17/2016,East,1400,0.11,420
OD33,Akash,Oil & Masala,Edible Oil & Ghee,Trichy,9/17/2016,East,2163,0.26,670.53
OD34,Anu,Oil & Masala,Masalas,Madurai,9/17/2016,East,1689,0.34,337.8
OD35,Anu,Beverages,Health Drinks,Vellore,10/19/2018,Central,809,0.32,80.9
OD36,Sabeela,"Eggs, Meat & Fish",Eggs,Tirunelveli,12-08-2017,Central,1265,0.22,569.25
OD37,James,Beverages,Soft Drinks,Salem,12-08-2017,Central,934,0.35,56.04
OD38,Willams,Fruits & Veggies,Organic Vegetables,Ramanadhapuram,12/27/2016,Central,1354,0.16,446.82
OD39,Jonas,Fruits & Veggies,Fresh Fruits,Chennai,12/27/2016,Central,1751,0.19,280.16
OD40,Sabeela,"Eggs, Meat & Fish",Chicken,Cumbum,12/27/2016,Central,2045,0.23,879.35
OD41,Malik,Beverages,Health Drinks,Namakkal,12/27/2016,Central,660,0.19,92.4
OD42,Arutra,Beverages,Soft Drinks,Salem,09-10-2018,Central,1868,0.18,616.44
OD43,Sharon,Snacks,Cookies,Bodi,7/17/2017,West,1017,0.25,345.78
OD44,Mathew,Snacks,Cookies,Dharmapuri,9/19/2018,South,2311,0.2,1039.95
OD45,Amrish,Bakery,Biscuits,Krishnagiri,03-11-2017,Central,1663,0.17,731.72
OD46,Vince,"Eggs, Meat & Fish",Eggs,Madurai,03-11-2017,Central,1420,0.19,355
OD47,Suresh,Fruits & Veggies,Organic Vegetables,Nagercoil,10/20/2015,Central,1415,0.31,509.4
OD48,Mathew,Snacks,Noodles,Chennai,6/20/2017,East,1488,0.3,610.08
OD49,Ridhesh,Snacks,Noodles,Pudukottai,6/20/2017,East,726,0.18,43.56
OD50,Amrish,Bakery,Cakes,Ooty,4/18/2016,Central,1259,0.15,415.47
OD51,Esther,Beverages,Soft Drinks,Salem,4/18/2016,Central,902,0.29,153.34
OD52,Shah,Beverages,Soft Drinks,Salem,4/18/2016,Central,2306,0.3,553.44
OD226,Verma,"Eggs, Meat & Fish",Chicken,Tirunelveli,08-09-2016,Central,621,0.24,173.88
OD227,Komal,Food Grains,Organic Staples,Madurai,08-09-2016,Central,1230,0.17,295.2
OD228,Harish,Snacks,Cookies,Salem,08-09-2016,Central,560,0.34,240.8
OD229,Sudha,Oil & Masala,Edible Oil & Ghee,Tenkasi,2/28/2016,South,1286,0.22,282.92
OD230,Ramesh,Beverages,Health Drinks,Tenkasi,2/28/2016,South,1242,0.34,149.04
OD231,Arvind,Bakery,Breads & Buns,Krishnagiri,9/13/2015,South,717,0.21,43.02
OD232,Komal,Beverages,Soft Drinks,Namakkal,04-07-2018,South,1480,0.22,444
OD233,Komal,Food Grains,Dals & Pulses,Salem,04-07-2018,South,826,0.18,247.8
OD234,Ramesh,Snacks,Cookies,Ooty,04-07-2018,South,1846,0.22,276.9
OD235,Mathew,Beverages,Soft Drinks,Viluppuram,04-07-2018,South,2045,0.12,552.15
OD236,Vince,Fruits & Veggies,Organic Fruits,Nagercoil,04-07-2018,South,1983,0.17,773.37
OD237,Shah,Bakery,Cakes,Bodi,11-12-2018,West,650,0.16,247
OD238,Ravi,Bakery,Breads & Buns,Ramanadhapuram,06-04-2017,Central,2163,0.31,216.3
OD239,Adavan,Fruits & Veggies,Organic Vegetables,Bodi,06-04-2017,Central,1481,0.15,518.35
OD240,Arvind,Snacks,Cookies,Trichy,06-04-2017,Central,2492,0.14,124.6
OD241,Ramesh,Bakery,Cakes,Nagercoil,06-04-2017,Central,962,0.33,423.28
OD242,Malik,Beverages,Health Drinks,Coimbatore,06-04-2017,Central,1432,0.3,214.8
OD243,Muneer,Oil & Masala,Edible Oil & Ghee,Virudhunagar,06-04-2017,Central,523,0.12,78.45
OD244,Amy,Oil & Masala,Masalas,Chennai,06-04-2017,Central,1540,0.11,646.8
OD245,Roshan,Bakery,Biscuits,Coimbatore,06-01-2015,Central,817,0.15,326.8
OD246,Vinne,"Eggs, Meat & Fish",Fish,Kanyakumari,06-01-2015,Central,2462,0.31,369.3
OD247,Sudeep,Fruits & Veggies,Organic Fruits,Perambalur,06-01-2015,Central,962,0.21,288.6
OD248,Ridhesh,Beverages,Health Drinks,Cumbum,06-01-2015,Central,538,0.19,59.18
OD249,Ravi,Snacks,Cookies,Ooty,06-01-2015,Central,1556,0.17,482.36
OD250,James,Beverages,Health Drinks,Vellore,12-10-2017,West,2133,0.26,959.85
OD251,Mathew,Beverages,Health Drinks,Tirunelveli,09-11-2017,West,1474,0.14,235.84
OD252,Amrish,Beverages,Health Drinks,Dindigul,09-11-2017,West,531,0.14,127.44
OD253,Ramesh,Food Grains,Rice,Pudukottai,12-10-2017,East,1769,0.19,636.84
OD254,Surya,Fruits & Veggies,Organic Vegetables,Pudukottai,12-10-2017,East,1257,0.34,62.85
OD255,Veronica,Food Grains,Rice,Ramanadhapuram,11/28/2016,Central,1899,0.27,170.91
OD256,Harish,Fruits & Veggies,Fresh Fruits,Tirunelveli,11/28/2016,Central,1929,0.3,617.28
OD257,Ravi,Beverages,Soft Drinks,Ooty,11/28/2016,Central,2417,0.1,990.97
OD258,Sundar,"Eggs, Meat & Fish",Mutton,Chennai,11/28/2016,Central,1443,0.25,476.19
OD259,Esther,Beverages,Soft Drinks,Dharmapuri,12-01-2018,East,660,0.29,290.4
OD260,Shree,Bakery,Breads & Buns,Salem,12-01-2018,East,2114,0.32,359.38
OD261,Sabeela,Oil & Masala,Masalas,Tenkasi,12-01-2018,East,1278,0.14,63.9
OD262,Ravi,Food Grains,Organic Staples,Krishnagiri,06-08-2018,Central,867,0.18,216.75
OD263,Roshan,Food Grains,Organic Staples,Kanyakumari,9/19/2015,Central,943,0.33,150.88
OD264,Vince,Beverages,Soft Drinks,Theni,9/19/2015,Central,1836,0.17,275.4
OD265,Jonas,"Eggs, Meat & Fish",Fish,Cumbum,06-06-2017,Central,1200,0.19,420
OD266,Harish,Fruits & Veggies,Organic Vegetables,Tirunelveli,11-10-2016,West,1167,0.18,256.74
OD267,Shah,"Eggs, Meat & Fish",Chicken,Perambalur,6/16/2018,South,696,0.34,139.2
OD268,Arvind,Oil & Masala,Masalas,Virudhunagar,1/22/2017,East,2500,0.33,425
OD269,Adavan,Bakery,Cakes,Dharmapuri,12-09-2018,East,1507,0.16,180.84
OD270,Suresh,Beverages,Soft Drinks,Namakkal,12-09-2018,East,1612,0.11,612.56
OD271,Esther,Snacks,Noodles,Theni,12/28/2018,West,764,0.11,160.44
OD272,Krithika,Snacks,Noodles,Tenkasi,7/30/2016,West,884,0.31,282.88
OD273,Muneer,Fruits & Veggies,Organic Fruits,Viluppuram,7/30/2016,West,2443,0.23,781.76
OD274,Hafiz,Bakery,Cakes,Vellore,7/30/2016,West,1147,0.27,137.64
OD275,Krithika,Fruits & Veggies,Organic Vegetables,Coimbatore,9/16/2018,West,1899,0.21,493.74
OD276,Amrish,Bakery,Cakes,Pudukottai,9/16/2018,West,744,0.11,66.96
OD277,Shah,"Eggs, Meat & Fish",Fish,Ramanadhapuram,10/13/2018,East,812,0.17,284.2
OD278,Ram,Oil & Masala,Masalas,Virudhunagar,10/13/2018,East,862,0.2,137.92
OD2379,Ridhesh,Bakery,Breads & Buns,Trichy,7/23/2018,West,2309,0.26,253.99
OD2380,Shree,Snacks,Noodles,Nagercoil,6/20/2017,West,609,0.12,243.6
OD2381,Sudeep,"Eggs, Meat & Fish",Chicken,Dindigul,08-01-2015,West,772,0.27,54.04
OD2382,Kumar,Snacks,Noodles,Nagercoil,11-06-2016,West,683,0.22,157.09
OD2383,Vince,"Eggs, Meat & Fish",Mutton,Namakkal,6/17/2018,West,1754,0.32,87.7
OD2384,Harish,Bakery,Breads & Buns,Tirunelveli,3/25/2018,West,1717,0.13,772.65
OD2385,Peer,"Eggs, Meat & Fish",Chicken,Trichy,10-02-2016,West,1450,0.18,72.5
OD2386,Veena,Fruits & Veggies,Organic Vegetables,Pudukottai,1/19/2015,West,513,0.22,61.56
OD2387,Willams,Oil & Masala,Masalas,Karur,05-05-2017,West,1382,0.21,248.76
OD2388,Ramesh,Snacks,Chocolates,Tirunelveli,6/29/2018,West,564,0.15,33.84
OD2389,James,Oil & Masala,Spices,Chennai,11/16/2017,West,2394,0.25,454.86
OD2390,Sundar,Snacks,Chocolates,Vellore,12/13/2016,West,1095,0.32,481.8
OD2391,Shah,Beverages,Health Drinks,Perambalur,11/24/2017,West,2246,0.21,965.78
OD2392,Shah,Bakery,Breads & Buns,Bodi,4/21/2017,West,920,0.11,202.4
OD2393,Amy,Bakery,Breads & Buns,Viluppuram,1/19/2015,West,2205,0.26,815.85
OD2394,Ridhesh,Beverages,Health Drinks,Ooty,12/20/2015,West,521,0.1,192.77
OD2395,Veronica,Beverages,Health Drinks,Nagercoil,3/19/2018,West,1527,0.2,488.64
OD2396,Ramesh,Bakery,Cakes,Theni,7/20/2015,West,2458,0.13,221.22
OD2397,Akash,"Eggs, Meat & Fish",Fish,Vellore,06-05-2017,West,2181,0.34,719.73
OD2398,Amrish,"Eggs, Meat & Fish",Eggs,Ooty,8/21/2018,West,2065,0.11,619.5
OD2399,Veena,Beverages,Soft Drinks,Pudukottai,05-05-2018,West,1839,0.24,717.21
OD2400,Jackson,Beverages,Soft Drinks,Virudhunagar,10-01-2018,West,1148,0.2,482.16
OD2401,James,Bakery,Cakes,Madurai,7/19/2016,West,1506,0.21,451.8
OD2402,Harish,Bakery,Biscuits,Ooty,11-06-2016,West,2484,0.32,968.76
OD2403,Alan,Oil & Masala,Spices,Dharmapuri,10-02-2017,West,1203,0.35,132.33
OD2404,Shah,Beverages,Soft Drinks,Coimbatore,11-03-2017,West,1841,0.13,405.02
OD2405,Harish,Fruits & Veggies,Fresh Fruits,Salem,05-05-2018,West,1063,0.14,74.41
OD2406,Rumaiza,Beverages,Health Drinks,Ooty,1/19/2015,West,743,0.13,74.3
OD2407,Sharon,Beverages,Health Drinks,Chennai,09-02-2017,Central,2186,0.26,371.62
OD2408,Roshan,Snacks,Chocolates,Dindigul,08-12-2017,Central,2215,0.21,221.5
OD2409,Arvind,Bakery,Cakes,Chennai,3/22/2015,Central,1410,0.2,352.5
OD2410,Ram,Snacks,Cookies,Virudhunagar,04-04-2016,Central,928,0.28,120.64
OD2411,Arvind,Food Grains,Organic Staples,Ramanadhapuram,03-05-2018,Central,1621,0.23,697.03
OD2412,Surya,Bakery,Biscuits,Perambalur,09-02-2017,Central,1365,0.34,204.75
OD2413,Vince,Oil & Masala,Masalas,Bodi,04-04-2016,Central,912,0.24,54.72
OD2414,Roshan,Food Grains,Dals & Pulses,Tirunelveli,03-05-2018,Central,1641,0.24,361.02
OD2415,Sundar,Snacks,Noodles,Trichy,03-05-2018,Central,637,0.18,203.84
OD2416,Sudeep,Food Grains,Rice,Pudukottai,03-05-2018,Central,2306,0.34,1037.7
OD2417,Sharon,"Eggs, Meat & Fish",Chicken,Dharmapuri,10/22/2018,Central,688,0.16,137.6
OD2418,Haseena,Snacks,Chocolates,Viluppuram,12/17/2016,Central,1004,0.1,341.36
OD2419,Amy,Food Grains,Atta & Flour,Ramanadhapuram,03-05-2018,Central,2435,0.27,365.25
OD2420,Yusuf,Bakery,Biscuits,Coimbatore,10-06-2017,Central,2079,0.1,270.27
OD2421,Vidya,Snacks,Noodles,Coimbatore,11-07-2018,Central,2219,0.16,976.36
OD2422,Amrish,Snacks,Noodles,Dindigul,04-04-2016,Central,1783,0.14,392.26
OD2423,Arutra,Beverages,Health Drinks,Salem,11-05-2017,Central,2014,0.14,382.66
OD2424,Rumaiza,Oil & Masala,Edible Oil & Ghee,Dharmapuri,10-01-2017,Central,662,0.24,132.4
OD2425,Sudha,Beverages,Health Drinks,Vellore,3/17/2015,Central,1839,0.25,662.04
OD2426,Rumaiza,Beverages,Soft Drinks,Cumbum,10/15/2016,Central,922,0.26,46.1
OD2427,Sundar,Snacks,Chocolates,Tenkasi,10-06-2018,Central,1012,0.34,172.04
OD2428,Yadav,Snacks,Noodles,Kanyakumari,3/17/2015,Central,1126,0.19,146.38
OD2429,Sabeela,Food Grains,Dals & Pulses,Krishnagiri,12-11-2018,Central,2132,0.16,533
OD2430,Sabeela,Fruits & Veggies,Organic Vegetables,Coimbatore,8/23/2016,Central,583,0.18,169.07
OD2431,Adavan,Oil & Masala,Spices,Tenkasi,04-10-2018,Central,1239,0.34,223.02
OD2432,Roshan,Beverages,Health Drinks,Karur,6/15/2015,Central,2078,0.12,872.76
OD2433,Anu,Beverages,Health Drinks,Chennai,5/26/2017,Central,2418,0.25,701.22
OD2434,Haseena,Fruits & Veggies,Fresh Fruits,Ooty,3/20/2018,Central,1442,0.34,519.12
OD2435,Jackson,"Eggs, Meat & Fish",Mutton,Vellore,10-06-2018,Central,907,0.18,353.73
OD2436,Akash,Oil & Masala,Spices,Ooty,3/17/2015,Central,2189,0.18,875.6
OD2437,Arvind,Snacks,Noodles,Theni,5/26/2017,Central,940,0.18,75.2
OD2438,Vidya,Oil & Masala,Masalas,Nagercoil,07-05-2015,Central,1092,0.13,283.92
OD2439,Ravi,Fruits & Veggies,Fresh Fruits,Salem,12-11-2016,Central,1251,0.1,137.61
OD2440,Veena,Snacks,Chocolates,Tirunelveli,11-12-2015,Central,1031,0.28,350.54
OD2441,Ganesh,Bakery,Breads & Buns,Virudhunagar,8/23/2016,Central,1511,0.33,438.19
OD2442,Sharon,Beverages,Health Drinks,Ooty,07-08-2016,Central,577,0.29,259.65
OD2443,Peer,Snacks,Chocolates,Coimbatore,12/14/2018,Central,1264,0.22,480.32
OD2444,Ravi,Snacks,Chocolates,Dindigul,10/30/2018,Central,2500,0.33,300
OD2445,Hafiz,"Eggs, Meat & Fish",Mutton,Coimbatore,10-04-2017,Central,1747,0.2,454.22
OD2446,Amrish,Snacks,Noodles,Chennai,3/20/2018,Central,589,0.25,164.92
OD2447,Kumar,Beverages,Health Drinks,Virudhunagar,8/23/2016,Central,1598,0.3,639.2
OD2448,Shree,Food Grains,Rice,Ooty,07-05-2015,Central,1848,0.17,332.64
OD2449,Willams,Food Grains,Organic Staples,Chennai,8/25/2016,Central,1327,0.19,66.35
OD2450,Komal,Food Grains,Organic Staples,Tirunelveli,8/23/2016,Central,1375,0.24,151.25
OD2451,Verma,Oil & Masala,Edible Oil & Ghee,Tirunelveli,07-02-2016,Central,2375,0.31,760
OD2452,Komal,"Eggs, Meat & Fish",Eggs,Salem,5/25/2018,East,2248,0.13,899.2
OD2453,Vidya,Oil & Masala,Spices,Pudukottai,05-05-2018,East,630,0.12,94.5
OD2454,Sabeela,"Eggs, Meat & Fish",Fish,Vellore,9/14/2015,East,808,0.13,226.24
OD2455,Kumar,Snacks,Cookies,Coimbatore,3/17/2017,East,1923,0.23,576.9
OD2456,James,Bakery,Breads & Buns,Kanyakumari,09-10-2018,East,732,0.15,300.12
OD2457,Arutra,Bakery,Breads & Buns,Krishnagiri,09-07-2016,East,1254,0.23,313.5
OD2458,Peer,"Eggs, Meat & Fish",Eggs,Theni,3/17/2017,East,1607,0.16,594.59
OD2459,Alan,Food Grains,Rice,Viluppuram,4/21/2017,East,1687,0.32,101.22
OD2460,Shree,Beverages,Health Drinks,Cumbum,9/14/2018,East,1805,0.3,433.2
OD2461,Peer,"Eggs, Meat & Fish",Mutton,Perambalur,12-10-2018,East,2089,0.32,396.91
OD2462,Krithika,Fruits & Veggies,Organic Fruits,Ooty,03-05-2016,East,2126,0.13,403.94
OD2463,Peer,Food Grains,Organic Staples,Kanyakumari,9/25/2016,East,2278,0.13,1025.1
OD2464,Vinne,Food Grains,Atta & Flour,Viluppuram,11/16/2018,East,1059,0.35,254.16
OD2465,Shree,Oil & Masala,Edible Oil & Ghee,Chennai,7/31/2016,East,795,0.26,325.95
OD2466,Amy,Snacks,Chocolates,Namakkal,06-04-2017,East,1306,0.11,130.6
OD2467,Mathew,Fruits & Veggies,Fresh Vegetables,Tenkasi,05-02-2017,East,1079,0.32,151.06
OD2468,Sundar,Beverages,Health Drinks,Coimbatore,11/26/2015,East,2147,0.16,923.21
OD2469,Peer,Food Grains,Dals & Pulses,Ooty,8/23/2015,East,679,0.25,210.49
OD2470,Sabeela,Bakery,Breads & Buns,Coimbatore,8/23/2015,East,1652,0.35,644.28
OD2471,Vidya,Oil & Masala,Spices,Ooty,03-05-2016,East,1423,0.28,583.43
OD2472,Rumaiza,Food Grains,Organic Staples,Krishnagiri,3/17/2017,East,1046,0.27,135.98
OD2473,Arvind,Bakery,Cakes,Karur,09-03-2015,East,1526,0.22,595.14
OD2474,Jonas,Bakery,Cakes,Salem,12-10-2018,East,1541,0.29,169.51
OD2475,Komal,Beverages,Health Drinks,Cumbum,9/14/2015,East,2472,0.17,939.36
OD2476,James,Oil & Masala,Edible Oil & Ghee,Vellore,4/21/2017,East,1233,0.21,61.65
OD2477,Esther,"Eggs, Meat & Fish",Fish,Vellore,11/26/2015,East,1399,0.3,475.66
OD2478,Anu,Beverages,Soft Drinks,Kanyakumari,9/14/2015,East,2239,0.25,492.58
OD2479,Jonas,Snacks,Cookies,Karur,9/24/2016,East,1992,0.24,458.16
OD2480,Malik,Oil & Masala,Spices,Ooty,7/20/2015,East,2429,0.19,825.86
OD2481,Shah,Oil & Masala,Masalas,Cumbum,10-03-2015,East,2455,0.16,368.25
OD2482,Amrish,Bakery,Breads & Buns,Pudukottai,9/24/2016,East,2285,0.11,776.9
OD2483,Haseena,"Eggs, Meat & Fish",Chicken,Madurai,05-08-2017,East,1797,0.29,610.98
OD2484,Arvind,Oil & Masala,Edible Oil & Ghee,Tenkasi,05-08-2017,East,649,0.22,181.72
OD2485,Jonas,Beverages,Soft Drinks,Salem,7/26/2016,East,2500,0.34,175
OD2486,Ridhesh,Beverages,Health Drinks,Vellore,05-08-2017,East,2100,0.14,399
OD2487,Sundar,Snacks,Cookies,Tenkasi,9/24/2016,East,1415,0.15,169.8
OD2488,Rumaiza,Snacks,Chocolates,Namakkal,3/16/2018,East,2266,0.16,317.24
OD2489,Sharon,Bakery,Biscuits,Coimbatore,05-02-2015,East,2463,0.13,714.27
OD2490,Sabeela,"Eggs, Meat & Fish",Eggs,Nagercoil,05-02-2017,East,2136,0.16,833.04
OD2491,Vince,Food Grains,Rice,Salem,11/26/2015,East,2171,0.23,868.4
OD2492,Hafiz,Oil & Masala,Spices,Pudukottai,11-09-2016,East,2202,0.19,748.68
OD2493,Arutra,Oil & Masala,Masalas,Pudukottai,05-08-2017,East,1657,0.1,182.27
OD2494,Suresh,Snacks,Chocolates,Coimbatore,11/26/2015,East,563,0.33,157.64
OD2495,Vidya,Fruits & Veggies,Fresh Fruits,Kanyakumari,9/24/2016,East,710,0.22,312.4
OD2496,Anu,Beverages,Health Drinks,Vellore,5/25/2018,East,1775,0.2,266.25
OD2497,Shah,Beverages,Soft Drinks,Dindigul,10-03-2015,East,963,0.29,144.45
OD2498,Kumar,Beverages,Soft Drinks,Vellore,06-10-2018,East,1266,0.22,557.04
OD2499,Akash,Snacks,Noodles,Chennai,12-06-2016,East,874,0.12,384.56
OD2500,Sudeep,Snacks,Noodles,Krishnagiri,3/31/2015,East,2330,0.27,885.4
OD2501,Adavan,Beverages,Health Drinks,Kanyakumari,10-10-2015,East,2440,0.24,512.4
OD2502,Willams,Food Grains,Organic Staples,Pudukottai,9/25/2016,East,2174,0.25,782.64
OD2503,Komal,Fruits & Veggies,Fresh Vegetables,Dharmapuri,3/16/2018,East,1418,0.17,326.14
OD2504,Vidya,Food Grains,Dals & Pulses,Perambalur,7/20/2015,East,2134,0.32,960.3
OD2505,Suresh,Beverages,Soft Drinks,Theni,9/24/2016,East,1833,0.32,696.54
OD2506,Roshan,Fruits & Veggies,Organic Fruits,Coimbatore,8/13/2017,South,1087,0.18,108.7
OD2507,Esther,"Eggs, Meat & Fish",Fish,Kanyakumari,07-01-2017,South,2439,0.23,512.19
OD2508,Roshan,Food Grains,Atta & Flour,Theni,07-01-2017,South,880,0.15,61.6
OD2509,Verma,Fruits & Veggies,Fresh Fruits,Karur,07-01-2017,South,1232,0.3,492.8
OD2510,Haseena,Food Grains,Rice,Ramanadhapuram,10/24/2015,South,801,0.26,264.33
OD2511,Amy,Beverages,Health Drinks,Madurai,5/22/2017,South,2087,0.15,918.28
OD2512,Surya,"Eggs, Meat & Fish",Chicken,Dindigul,02-07-2017,South,704,0.18,112.64
OD2513,Amrish,Fruits & Veggies,Organic Vegetables,Kanyakumari,5/19/2018,South,1844,0.27,331.92
OD2514,Surya,Snacks,Chocolates,Nagercoil,03-04-2015,South,1304,0.24,417.28
OD2515,Akash,Fruits & Veggies,Organic Fruits,Pudukottai,10/20/2018,South,925,0.19,379.25
OD2516,Shah,Food Grains,Organic Staples,Ooty,10/20/2018,South,807,0.24,347.01
OD2517,Rumaiza,Snacks,Chocolates,Madurai,10/23/2016,South,735,0.1,286.65
OD2518,Shah,Beverages,Health Drinks,Tenkasi,3/31/2015,South,989,0.21,207.69
OD2519,Sudeep,Food Grains,Atta & Flour,Krishnagiri,07-08-2017,South,2412,0.13,940.68
OD2520,Sundar,Fruits & Veggies,Fresh Vegetables,Pudukottai,10/20/2018,South,793,0.28,333.06
OD2521,Hafiz,Bakery,Breads & Buns,Ramanadhapuram,5/31/2016,South,959,0.34,115.08
OD2522,Shree,Food Grains,Dals & Pulses,Virudhunagar,12-11-2017,South,784,0.21,164.64
OD2523,Ravi,Snacks,Chocolates,Ooty,06-02-2018,South,1073,0.12,311.17
OD2524,Arutra,"Eggs, Meat & Fish",Chicken,Chennai,8/16/2018,South,517,0.12,155.1
OD2525,Verma,Bakery,Cakes,Krishnagiri,7/28/2015,South,1745,0.16,244.3
OD2526,Arvind,"Eggs, Meat & Fish",Mutton,Ramanadhapuram,05-06-2018,South,771,0.14,185.04
OD2527,Alan,Fruits & Veggies,Organic Fruits,Dindigul,7/28/2015,South,1726,0.33,776.7
OD2528,Yusuf,Oil & Masala,Masalas,Dindigul,6/30/2015,South,1897,0.3,455.28
OD2529,Vince,"Eggs, Meat & Fish",Eggs,Namakkal,3/22/2016,South,2404,0.33,1033.72
OD2530,Aditi,Snacks,Noodles,Tirunelveli,8/16/2018,South,907,0.32,199.54
OD2531,Ravi,Fruits & Veggies,Organic Vegetables,Nagercoil,10/28/2017,South,1905,0.34,495.3
OD2532,Amrish,Oil & Masala,Spices,Salem,3/31/2015,South,640,0.23,102.4
OD2533,Esther,"Eggs, Meat & Fish",Mutton,Krishnagiri,05-06-2018,South,2260,0.24,542.4
OD2534,Veronica,Bakery,Cakes,Dharmapuri,7/21/2018,West,1872,0.18,149.76
OD2535,Muneer,Food Grains,Atta & Flour,Karur,12-11-2017,West,2111,0.26,232.21
OD2536,Haseena,Food Grains,Dals & Pulses,Dharmapuri,10/31/2016,West,2323,0.31,1045.35
OD2537,Sudeep,Oil & Masala,Spices,Tirunelveli,11/24/2018,West,2396,0.17,431.28
OD2538,Sundar,Food Grains,Organic Staples,Salem,9/13/2015,West,1479,0.13,354.96
OD2539,Amy,Beverages,Health Drinks,Karur,10/22/2017,West,1474,0.23,619.08
OD2540,Vinne,Snacks,Noodles,Karur,12-11-2017,West,2495,0.31,499
OD2541,Amrish,Food Grains,Rice,Madurai,9/13/2015,West,984,0.13,314.88
OD2542,Vidya,"Eggs, Meat & Fish",Mutton,Kanyakumari,12-11-2017,West,1282,0.31,461.52
OD2543,Harish,Bakery,Cakes,Vellore,3/30/2018,West,607,0.19,157.82
OD2544,Veena,Fruits & Veggies,Fresh Vegetables,Vellore,06-04-2016,West,888,0.18,71.04
OD2545,Esther,Oil & Masala,Edible Oil & Ghee,Virudhunagar,06-04-2016,West,512,0.15,71.68
OD2546,Shah,Food Grains,Dals & Pulses,Dindigul,10-08-2017,West,696,0.2,118.32
OD2547,Muneer,Snacks,Chocolates,Perambalur,9/17/2018,West,1499,0.28,119.92
OD2548,Esther,Food Grains,Rice,Vellore,10/17/2016,West,1925,0.27,500.5
OD2549,Sabeela,Food Grains,Rice,Perambalur,10/31/2016,West,670,0.15,154.1
OD2550,Malik,Fruits & Veggies,Organic Vegetables,Virudhunagar,1/30/2018,West,2147,0.23,493.81
OD2551,Ram,"Eggs, Meat & Fish",Eggs,Krishnagiri,9/13/2015,West,1152,0.22,414.72
OD2552,Esther,Beverages,Health Drinks,Chennai,10/31/2016,West,1136,0.29,454.4
OD2553,Arvind,"Eggs, Meat & Fish",Eggs,Madurai,8/13/2018,West,2464,0.22,813.12
OD2554,Amrish,Beverages,Soft Drinks,Dindigul,10/22/2017,West,1911,0.17,114.66
OD2555,Adavan,Food Grains,Organic Staples,Bodi,9/26/2017,West,2459,0.24,786.88
OD2556,Jonas,Fruits & Veggies,Organic Vegetables,Bodi,05-11-2018,West,2361,0.23,708.3
OD2557,Ram,Oil & Masala,Spices,Vellore,06-11-2018,West,2245,0.11,359.2
OD2558,Aditi,Beverages,Health Drinks,Viluppuram,10/19/2015,West,2290,0.17,755.7
OD2559,Haseena,Bakery,Breads & Buns,Tenkasi,12-03-2018,West,1666,0.26,299.88
OD2560,Sharon,Bakery,Biscuits,Namakkal,09-11-2018,West,2002,0.27,440.44
OD2561,Hussain,Food Grains,Atta & Flour,Dharmapuri,12-11-2017,West,1097,0.2,131.64
OD2562,Haseena,Food Grains,Atta & Flour,Dindigul,9/26/2017,West,1301,0.2,169.13
OD2563,Anu,"Eggs, Meat & Fish",Mutton,Kanyakumari,8/13/2018,West,1958,0.18,215.38
OD2564,Ravi,Oil & Masala,Edible Oil & Ghee,Namakkal,12/13/2018,West,683,0.31,184.41
OD2565,Ganesh,Snacks,Noodles,Karur,10/31/2016,West,2171,0.17,434.2
OD2566,Amrish,Bakery,Breads & Buns,Bodi,11-04-2017,West,1344,0.28,188.16
OD2567,Sheeba,Fruits & Veggies,Organic Vegetables,Madurai,11-05-2016,West,1790,0.17,393.8
OD2568,Veena,Food Grains,Organic Staples,Nagercoil,8/13/2018,West,1768,0.18,88.4
OD2569,Haseena,Oil & Masala,Spices,Kanyakumari,09-11-2018,West,1355,0.18,311.65
OD2570,Vidya,Beverages,Soft Drinks,Dindigul,9/26/2017,West,734,0.22,176.16
OD2571,Peer,Bakery,Biscuits,Ooty,10/31/2016,West,790,0.15,110.6
OD2572,Willams,Food Grains,Atta & Flour,Salem,9/13/2015,West,2206,0.3,176.48
OD2573,Amy,Bakery,Cakes,Trichy,9/26/2017,West,2216,0.24,642.64
OD2574,Adavan,Fruits & Veggies,Organic Vegetables,Karur,05-11-2018,West,1702,0.31,374.44
OD2575,Sabeela,Food Grains,Dals & Pulses,Vellore,8/13/2018,West,1753,0.17,280.48
OD2576,Ganesh,Snacks,Chocolates,Karur,04-05-2016,West,1511,0.23,468.41
OD2577,Veena,Oil & Masala,Masalas,Dharmapuri,09-11-2018,West,1027,0.22,92.43
OD2578,James,Oil & Masala,Edible Oil & Ghee,Ramanadhapuram,12-11-2017,West,1746,0.1,174.6
OD2579,Mathew,Fruits & Veggies,Organic Fruits,Dindigul,08-08-2016,West,1278,0.17,319.5
OD2580,Adavan,Fruits & Veggies,Organic Fruits,Chennai,08-08-2016,West,585,0.26,175.5
OD2581,Esther,Oil & Masala,Edible Oil & Ghee,Theni,05-11-2018,West,1083,0.25,108.3
OD2582,Sundar,"Eggs, Meat & Fish",Chicken,Chennai,12-11-2017,West,1638,0.27,196.56
OD2583,Sudeep,"Eggs, Meat & Fish",Chicken,Theni,10/31/2016,West,2452,0.27,539.44
OD2584,Roshan,Fruits & Veggies,Fresh Vegetables,Theni,10/16/2015,West,1030,0.28,144.2
OD2585,Arutra,Snacks,Chocolates,Dindigul,11-05-2016,West,2002,0.18,740.74
OD2586,Amy,Fruits & Veggies,Fresh Fruits,Salem,4/14/2017,West,782,0.14,273.7
OD2587,Kumar,"Eggs, Meat & Fish",Mutton,Ramanadhapuram,12-11-2017,West,1757,0.13,404.11
OD2588,Jonas,Bakery,Cakes,Salem,11/18/2017,West,639,0.28,261.99
OD2589,Veronica,Fruits & Veggies,Organic Fruits,Dharmapuri,09-11-2018,West,1279,0.33,76.74
OD2590,Sudeep,Fruits & Veggies,Organic Vegetables,Trichy,12-11-2017,West,1495,0.15,478.4
OD2591,Muneer,Food Grains,Dals & Pulses,Chennai,6/21/2015,West,2370,0.32,568.8
OD2592,Veronica,Food Grains,Dals & Pulses,Bodi,03-08-2017,West,2437,0.17,243.7
OD2593,Akash,Food Grains,Rice,Theni,6/22/2015,West,1173,0.32,129.03
OD2594,Surya,Food Grains,Organic Staples,Trichy,07-10-2016,West,1561,0.27,249.76
OD2595,Shah,"Eggs, Meat & Fish",Eggs,Ooty,12-02-2018,West,1471,0.21,88.26
OD2596,Willams,Snacks,Noodles,Tirunelveli,6/21/2015,West,615,0.15,92.25
OD2597,Komal,Bakery,Breads & Buns,Vellore,7/20/2016,Central,2259,0.35,384.03
OD2598,Ravi,Food Grains,Atta & Flour,Theni,1/29/2018,Central,2437,0.11,121.85
OD2599,Arvind,Fruits & Veggies,Fresh Vegetables,Dharmapuri,09-10-2018,Central,2266,0.34,181.28
OD2600,Surya,Beverages,Soft Drinks,Karur,7/23/2018,Central,1791,0.21,770.13
OD2601,Malik,Food Grains,Organic Staples,Vellore,04-05-2015,Central,985,0.14,443.25
OD2602,Ravi,Food Grains,Atta & Flour,Salem,10-12-2016,Central,588,0.32,129.36
OD2603,Shree,Snacks,Noodles,Tirunelveli,02-11-2015,Central,1695,0.23,762.75
OD2604,Sheeba,Food Grains,Rice,Madurai,09-03-2016,Central,2478,0.14,594.72
OD2605,Sabeela,Beverages,Health Drinks,Viluppuram,7/20/2016,Central,548,0.22,49.32
OD2606,Yusuf,Bakery,Breads & Buns,Tenkasi,1/29/2018,Central,1467,0.32,396.09
OD2607,Surya,Snacks,Cookies,Viluppuram,9/18/2018,Central,915,0.14,256.2
OD2608,Haseena,Beverages,Health Drinks,Viluppuram,09-07-2015,Central,916,0.19,219.84
OD2609,Veronica,Oil & Masala,Masalas,Kanyakumari,9/15/2016,Central,1034,0.15,341.22
OD2610,Amrish,"Eggs, Meat & Fish",Fish,Dharmapuri,02-11-2015,Central,1772,0.3,230.36
OD2611,Veronica,Beverages,Health Drinks,Krishnagiri,09-10-2018,Central,1999,0.25,359.82
OD2612,Sheeba,Bakery,Biscuits,Kanyakumari,04-05-2015,Central,2052,0.26,143.64
OD2613,Arvind,Bakery,Breads & Buns,Viluppuram,5/20/2018,Central,728,0.18,94.64
OD2614,Sharon,Bakery,Breads & Buns,Karur,02-11-2015,Central,1151,0.3,368.32
OD2615,Vince,"Eggs, Meat & Fish",Chicken,Coimbatore,09-10-2018,Central,2134,0.2,533.5
OD2616,Krithika,Bakery,Cakes,Nagercoil,09-10-2018,Central,864,0.11,267.84
OD2617,Surya,Oil & Masala,Edible Oil & Ghee,Krishnagiri,09-07-2015,Central,687,0.34,103.05
OD2618,Akash,Oil & Masala,Edible Oil & Ghee,Kanyakumari,2/27/2017,Central,2342,0.32,608.92
OD2619,Sheeba,Fruits & Veggies,Organic Fruits,Tenkasi,08-03-2017,Central,1090,0.28,316.1
OD2620,Ridhesh,Fruits & Veggies,Fresh Fruits,Karur,5/20/2018,Central,1334,0.13,413.54
OD2621,Ram,Snacks,Chocolates,Theni,02-11-2015,Central,2261,0.33,610.47
OD2622,Komal,Snacks,Chocolates,Vellore,12-09-2018,Central,2220,0.15,865.8
OD2623,Shree,Fruits & Veggies,Organic Fruits,Salem,09-10-2018,Central,2451,0.14,416.67
OD2624,Verma,Bakery,Breads & Buns,Kanyakumari,11-11-2018,Central,2284,0.24,296.92
OD2625,Adavan,Snacks,Chocolates,Salem,5/20/2018,Central,2234,0.21,580.84
OD2626,James,Bakery,Breads & Buns,Dindigul,8/13/2016,Central,2048,0.28,102.4
OD2627,Sabeela,Beverages,Soft Drinks,Coimbatore,12-09-2018,Central,2053,0.13,246.36
OD2628,Harish,Beverages,Soft Drinks,Perambalur,1/16/2018,Central,1520,0.12,182.4
OD2629,Yusuf,Fruits & Veggies,Fresh Fruits,Bodi,5/20/2018,Central,1317,0.23,474.12
OD2630,Hussain,Beverages,Soft Drinks,Viluppuram,11/21/2016,Central,705,0.32,289.05
OD2631,Ganesh,Bakery,Cakes,Vellore,12-09-2018,Central,1248,0.15,424.32
OD2632,Veena,Oil & Masala,Masalas,Pudukottai,04-05-2015,Central,1143,0.19,457.2
OD2633,Peer,"Eggs, Meat & Fish",Mutton,Trichy,04-01-2018,Central,1455,0.13,116.4
OD2634,Sheeba,Food Grains,Dals & Pulses,Virudhunagar,7/20/2016,Central,2190,0.3,350.4
OD2635,Vidya,Fruits & Veggies,Organic Fruits,Dindigul,1/29/2018,Central,711,0.35,170.64
OD2636,Amrish,Food Grains,Dals & Pulses,Bodi,09-10-2018,Central,2174,0.2,673.94
OD2637,Krithika,Fruits & Veggies,Organic Fruits,Cumbum,12/20/2017,Central,993,0.24,178.74
OD2638,Vinne,"Eggs, Meat & Fish",Eggs,Nagercoil,3/29/2018,Central,1976,0.25,889.2
OD2639,Willams,"Eggs, Meat & Fish",Mutton,Pudukottai,7/20/2016,Central,1671,0.22,100.26
OD2640,Sharon,Bakery,Breads & Buns,Ooty,11/21/2016,Central,943,0.21,339.48
OD2641,Mathew,Snacks,Cookies,Kanyakumari,04-05-2015,Central,1495,0.15,224.25
OD2642,Komal,"Eggs, Meat & Fish",Chicken,Namakkal,04-01-2018,Central,1436,0.11,560.04
OD2643,Vidya,Beverages,Health Drinks,Ooty,7/20/2016,Central,1545,0.25,355.35
OD2644,Malik,Snacks,Noodles,Viluppuram,1/16/2018,Central,1188,0.35,368.28
OD2645,Komal,Beverages,Soft Drinks,Virudhunagar,9/15/2016,Central,1081,0.27,345.92
OD2646,Shah,Bakery,Biscuits,Nagercoil,04-09-2018,Central,1595,0.17,159.5
OD2647,Verma,Food Grains,Dals & Pulses,Vellore,5/20/2018,Central,2218,0.17,842.84
OD2648,Surya,"Eggs, Meat & Fish",Eggs,Cumbum,9/13/2016,Central,1787,0.22,107.22
OD2649,Rumaiza,Oil & Masala,Edible Oil & Ghee,Kanyakumari,5/18/2015,Central,1734,0.21,329.46
OD2650,Sharon,Beverages,Soft Drinks,Ooty,5/21/2015,Central,593,0.28,41.51
OD2651,Aditi,Oil & Masala,Edible Oil & Ghee,Salem,7/22/2015,Central,1878,0.1,319.26
OD2652,Sharon,Snacks,Noodles,Madurai,9/28/2018,Central,521,0.11,177.14
OD2653,Amrish,Food Grains,Rice,Trichy,11/19/2018,Central,1149,0.35,195.33
OD2654,Adavan,Food Grains,Dals & Pulses,Tenkasi,12/13/2015,Central,805,0.16,177.1
OD2655,Ridhesh,"Eggs, Meat & Fish",Mutton,Vellore,01-02-2018,Central,2066,0.21,723.1
OD2656,Harish,Fruits & Veggies,Organic Vegetables,Tirunelveli,1/19/2018,Central,2085,0.19,646.35
OD2657,Surya,"Eggs, Meat & Fish",Eggs,Krishnagiri,6/17/2015,Central,1990,0.24,179.1
OD2658,Sharon,Bakery,Breads & Buns,Trichy,3/25/2018,Central,2351,0.24,1034.44
OD2659,Anu,"Eggs, Meat & Fish",Chicken,Bodi,03-05-2016,Central,1381,0.33,524.78
OD2660,Hafiz,Oil & Masala,Spices,Namakkal,07-12-2016,Central,1413,0.32,113.04
OD2661,Arvind,Oil & Masala,Masalas,Madurai,01-03-2016,Central,2419,0.19,145.14
OD2662,Krithika,Food Grains,Dals & Pulses,Karur,11/24/2017,Central,1238,0.16,519.96
OD2663,Yusuf,Food Grains,Atta & Flour,Coimbatore,10/23/2018,Central,668,0.34,240.48
OD2664,Yadav,Fruits & Veggies,Organic Vegetables,Cumbum,11/24/2017,Central,2224,0.29,244.64
OD2665,Mathew,Oil & Masala,Masalas,Chennai,09-09-2015,Central,1818,0.23,745.38
OD2666,Esther,Beverages,Soft Drinks,Ramanadhapuram,08-08-2017,Central,1319,0.35,435.27
OD2667,Aditi,Bakery,Breads & Buns,Karur,11/24/2017,Central,1403,0.33,547.17
OD2668,Adavan,Beverages,Health Drinks,Perambalur,1/31/2017,Central,1789,0.33,107.34
OD2669,Muneer,Food Grains,Organic Staples,Kanyakumari,10/28/2018,Central,1564,0.3,422.28
OD2670,Jackson,"Eggs, Meat & Fish",Fish,Dharmapuri,2/14/2015,Central,652,0.26,260.8
OD2671,Sudeep,Food Grains,Atta & Flour,Bodi,7/26/2015,Central,2318,0.17,486.78
OD2672,Alan,Food Grains,Rice,Bodi,01-02-2018,Central,1482,0.17,474.24
OD2673,Ridhesh,Food Grains,Dals & Pulses,Tenkasi,11/19/2018,Central,1179,0.27,506.97
OD2674,Sudha,Bakery,Biscuits,Coimbatore,09-11-2018,Central,1856,0.1,723.84
OD2675,Rumaiza,Beverages,Soft Drinks,Theni,08-08-2017,Central,1245,0.28,423.3
OD2676,Malik,Beverages,Soft Drinks,Ramanadhapuram,10/20/2017,Central,2114,0.3,761.04
OD2677,Vidya,Fruits & Veggies,Organic Vegetables,Tenkasi,11/19/2018,Central,2173,0.28,217.3
OD2678,Ravi,Food Grains,Organic Staples,Nagercoil,02-05-2018,Central,1927,0.21,558.83
OD2679,Ridhesh,Snacks,Chocolates,Vellore,04-02-2015,Central,1134,0.22,272.16
OD2680,Vidya,Bakery,Cakes,Viluppuram,7/14/2017,Central,726,0.15,239.58
OD2681,Sudha,Beverages,Soft Drinks,Dindigul,11/24/2017,Central,1750,0.31,175
OD2682,Verma,Bakery,Biscuits,Viluppuram,4/20/2015,Central,2363,0.22,519.86
OD2683,Shree,Oil & Masala,Edible Oil & Ghee,Nagercoil,11/17/2016,Central,553,0.2,165.9
OD2684,Amrish,Beverages,Health Drinks,Pudukottai,5/21/2015,Central,1064,0.3,308.56
OD2685,Akash,Snacks,Chocolates,Pudukottai,09-11-2018,Central,2262,0.1,135.72
OD2686,Suresh,Snacks,Noodles,Cumbum,10-09-2018,Central,1277,0.11,498.03
OD2687,Vidya,Fruits & Veggies,Organic Fruits,Virudhunagar,10/20/2017,Central,651,0.34,162.75
OD2688,Aditi,Snacks,Cookies,Dindigul,04-02-2015,Central,2023,0.33,202.3
OD2689,Adavan,Snacks,Noodles,Viluppuram,12/23/2018,Central,959,0.12,163.03
OD2690,Veena,Bakery,Cakes,Bodi,07-12-2015,Central,2303,0.29,713.93
OD2691,Vidya,Oil & Masala,Edible Oil & Ghee,Krishnagiri,10/19/2016,Central,655,0.25,98.25
OD2692,Ramesh,Beverages,Health Drinks,Nagercoil,01-02-2018,Central,2216,0.21,487.52
OD2693,Malik,Fruits & Veggies,Fresh Fruits,Tirunelveli,07-12-2016,Central,2144,0.11,536
OD2694,James,Oil & Masala,Edible Oil & Ghee,Madurai,03-05-2016,Central,2168,0.34,281.84
OD2695,Hafiz,"Eggs, Meat & Fish",Mutton,Coimbatore,02-06-2015,Central,1863,0.14,726.57
OD2696,Kumar,Bakery,Breads & Buns,Tenkasi,5/21/2015,Central,511,0.27,81.76
OD2697,Jackson,Oil & Masala,Masalas,Cumbum,10/23/2018,Central,1615,0.29,500.65
OD2698,Vince,Beverages,Soft Drinks,Dindigul,12-01-2017,Central,1281,0.15,64.05
OD2699,Alan,Fruits & Veggies,Fresh Vegetables,Coimbatore,02-05-2018,Central,2430,0.16,170.1
OD2700,Suresh,Food Grains,Dals & Pulses,Kanyakumari,03-05-2016,Central,2328,0.25,465.6
OD2701,Shree,Fruits & Veggies,Organic Vegetables,Tenkasi,12-02-2018,Central,2032,0.29,243.84
OD2702,Sheeba,"Eggs, Meat & Fish",Chicken,Salem,10/17/2015,Central,2243,0.27,1009.35
OD2703,Anu,Snacks,Cookies,Karur,09-12-2015,Central,501,0.11,100.2
OD2704,Shah,Fruits & Veggies,Organic Vegetables,Krishnagiri,11/14/2018,Central,1221,0.14,61.05
OD2705,Komal,Oil & Masala,Spices,Trichy,5/24/2016,Central,1566,0.23,548.1
OD2706,Arutra,Oil & Masala,Edible Oil & Ghee,Dharmapuri,12/23/2018,Central,947,0.25,331.45
OD2707,Sudha,Oil & Masala,Edible Oil & Ghee,Ooty,3/31/2018,Central,1732,0.17,294.44
OD2708,Sheeba,"Eggs, Meat & Fish",Eggs,Karur,10-02-2016,East,1678,0.19,486.62
OD2709,Veena,Bakery,Cakes,Krishnagiri,3/17/2018,East,1310,0.23,78.6
OD2710,Vidya,"Eggs, Meat & Fish",Fish,Virudhunagar,11-01-2018,East,2242,0.2,986.48
OD2711,Arutra,Fruits & Veggies,Organic Fruits,Namakkal,03-06-2018,East,1892,0.24,340.56
OD2712,Yadav,Fruits & Veggies,Organic Vegetables,Virudhunagar,09-02-2018,East,1433,0.25,487.22
OD2713,Anu,Snacks,Noodles,Dharmapuri,08-08-2016,East,1769,0.31,530.7
OD2714,Mathew,Bakery,Cakes,Krishnagiri,6/28/2017,East,1668,0.3,200.16
OD2715,Veronica,Fruits & Veggies,Organic Fruits,Nagercoil,9/15/2018,East,2460,0.24,1082.4
OD2716,Hussain,Fruits & Veggies,Fresh Vegetables,Tirunelveli,08-08-2016,East,1894,0.16,833.36
OD2717,Vince,Snacks,Noodles,Pudukottai,10/31/2016,East,1519,0.31,455.7
OD2718,Willams,Bakery,Breads & Buns,Nagercoil,7/15/2018,East,881,0.15,299.54
OD2719,Arvind,Snacks,Noodles,Nagercoil,09-03-2017,East,615,0.33,239.85
OD2720,Sundar,Food Grains,Atta & Flour,Ooty,6/28/2017,East,1402,0.18,252.36
OD2721,Yadav,Bakery,Biscuits,Ooty,10/31/2015,East,1651,0.24,313.69
OD2722,Suresh,"Eggs, Meat & Fish",Chicken,Perambalur,11/23/2016,East,860,0.19,240.8
OD2723,Ravi,Fruits & Veggies,Organic Fruits,Salem,10/31/2016,East,1250,0.18,100
OD2724,Krithika,Bakery,Breads & Buns,Tenkasi,05-12-2018,East,655,0.16,262
OD2725,Veena,Beverages,Soft Drinks,Perambalur,6/28/2017,East,2168,0.35,737.12
OD2726,Amy,Snacks,Noodles,Dharmapuri,12-05-2016,East,2351,0.3,517.22
OD2727,Ram,Oil & Masala,Edible Oil & Ghee,Krishnagiri,9/29/2015,East,1234,0.23,481.26
OD2728,Adavan,Oil & Masala,Edible Oil & Ghee,Perambalur,11-05-2018,East,569,0.23,34.14
OD2729,Vince,Fruits & Veggies,Fresh Fruits,Madurai,11-05-2018,East,1020,0.16,71.4
OD2730,Rumaiza,"Eggs, Meat & Fish",Chicken,Chennai,7/15/2018,East,1018,0.2,101.8
OD2731,Willams,Oil & Masala,Spices,Theni,7/13/2016,East,1514,0.23,393.64
OD2732,Willams,"Eggs, Meat & Fish",Mutton,Ramanadhapuram,03-05-2015,East,1568,0.26,266.56
OD2733,Arutra,Food Grains,Organic Staples,Dindigul,10/31/2015,East,1097,0.32,449.77
OD2734,Yadav,Oil & Masala,Edible Oil & Ghee,Bodi,10-03-2018,East,1778,0.14,426.72
OD2735,Arutra,"Eggs, Meat & Fish",Chicken,Virudhunagar,05-12-2018,East,626,0.2,200.32
OD2736,Willams,Bakery,Biscuits,Theni,03-05-2015,East,1330,0.25,505.4
OD2737,Sundar,Bakery,Biscuits,Bodi,12-01-2017,East,1502,0.24,480.64
OD2738,Sheeba,Beverages,Health Drinks,Ramanadhapuram,11/23/2016,East,1686,0.14,590.1
OD2739,Muneer,Beverages,Health Drinks,Krishnagiri,10/28/2017,East,1817,0.35,490.59
OD2740,Esther,Oil & Masala,Spices,Viluppuram,11/27/2018,East,944,0.16,94.4
OD2741,Hussain,Snacks,Noodles,Dindigul,05-11-2018,East,2351,0.23,705.3
OD2742,Jackson,Beverages,Health Drinks,Coimbatore,03-05-2015,East,2321,0.24,603.46
OD2743,Surya,Fruits & Veggies,Organic Vegetables,Karur,3/28/2016,East,2058,0.19,370.44
OD2744,Vince,Beverages,Soft Drinks,Madurai,03-12-2017,East,1636,0.22,392.64
OD2745,Krithika,Bakery,Biscuits,Nagercoil,12-04-2016,East,1411,0.24,366.86
OD2746,Roshan,Bakery,Cakes,Cumbum,9/29/2015,East,1175,0.34,293.75
OD2747,Sheeba,"Eggs, Meat & Fish",Fish,Nagercoil,12-05-2018,East,1729,0.32,518.7
OD2748,Komal,Bakery,Breads & Buns,Tirunelveli,7/15/2018,East,1324,0.16,569.32
OD2749,Roshan,Snacks,Noodles,Ramanadhapuram,4/18/2016,East,1127,0.27,349.37
OD2750,Sudeep,Food Grains,Organic Staples,Tenkasi,09-02-2018,East,2189,0.27,897.49
OD2751,Hafiz,Snacks,Noodles,Tenkasi,9/30/2018,East,649,0.12,136.29
OD2752,Suresh,Snacks,Chocolates,Tirunelveli,10-02-2016,East,2470,0.25,568.1
OD2753,Sheeba,Fruits & Veggies,Organic Fruits,Viluppuram,8/27/2017,East,1211,0.15,448.07
OD2754,Mathew,"Eggs, Meat & Fish",Fish,Dharmapuri,12-08-2018,East,608,0.28,54.72
OD2755,Ridhesh,Snacks,Cookies,Krishnagiri,3/17/2018,East,1266,0.21,88.62
OD2756,Surya,Snacks,Chocolates,Viluppuram,05-12-2016,East,1065,0.12,85.2
OD2757,Ramesh,Beverages,Soft Drinks,Pudukottai,6/17/2017,East,522,0.27,120.06
OD2758,Veena,"Eggs, Meat & Fish",Mutton,Karur,12-05-2017,East,1992,0.28,418.32
OD2759,Hussain,Snacks,Chocolates,Chennai,12-08-2018,East,1272,0.35,381.6
OD2760,Kumar,"Eggs, Meat & Fish",Mutton,Krishnagiri,6/28/2017,East,1189,0.16,118.9
OD2761,Vinne,"Eggs, Meat & Fish",Chicken,Salem,11/23/2016,East,912,0.22,228
OD2762,Harish,Beverages,Health Drinks,Krishnagiri,8/27/2017,East,623,0.28,62.3
OD2763,Suresh,"Eggs, Meat & Fish",Mutton,Trichy,09-02-2018,East,1251,0.23,75.06
OD2764,Verma,"Eggs, Meat & Fish",Chicken,Pudukottai,10-08-2015,East,2074,0.27,477.02
OD2765,Surya,Food Grains,Organic Staples,Tirunelveli,10-09-2016,East,2121,0.32,487.83
OD2766,Amy,Bakery,Cakes,Salem,04-12-2018,East,1967,0.14,491.75
OD2767,Harish,Beverages,Health Drinks,Chennai,12-08-2018,East,2190,0.12,810.3
OD2768,Yusuf,Snacks,Chocolates,Perambalur,10/31/2015,East,990,0.27,198
OD2769,Ravi,Oil & Masala,Masalas,Cumbum,8/27/2017,East,1903,0.19,380.6
OD2770,Amy,Snacks,Chocolates,Ramanadhapuram,04-12-2018,East,2125,0.11,658.75
OD2771,Anu,Snacks,Chocolates,Madurai,3/17/2018,East,1081,0.28,281.06
OD2772,Peer,"Eggs, Meat & Fish",Fish,Dharmapuri,11-09-2016,East,2012,0.27,804.8
OD2773,Sharon,Oil & Masala,Masalas,Chennai,9/28/2016,East,1617,0.21,533.61
OD2774,Esther,"Eggs, Meat & Fish",Mutton,Virudhunagar,3/17/2018,East,2325,0.25,255.75
OD2775,Vinne,Fruits & Veggies,Organic Vegetables,Karur,12-01-2017,East,731,0.32,321.64
OD2776,Suresh,Fruits & Veggies,Organic Fruits,Kanyakumari,11/17/2018,East,600,0.24,198
OD2777,Ganesh,Fruits & Veggies,Fresh Vegetables,Namakkal,11-09-2016,East,778,0.16,178.94
OD2778,Mathew,Food Grains,Rice,Pudukottai,09-04-2018,East,1284,0.12,231.12
OD2779,Ganesh,Oil & Masala,Masalas,Salem,11/23/2016,East,1425,0.25,285
OD2780,Sabeela,Snacks,Noodles,Namakkal,11/23/2016,East,885,0.15,123.9
OD2781,Sudha,"Eggs, Meat & Fish",Fish,Theni,12/26/2016,East,1897,0.18,474.25
OD2782,Hafiz,Beverages,Soft Drinks,Krishnagiri,12-05-2018,East,742,0.29,74.2
OD2783,Amy,"Eggs, Meat & Fish",Chicken,Krishnagiri,08-12-2017,East,2034,0.16,223.74
OD2784,Esther,Snacks,Chocolates,Madurai,2/20/2016,East,1197,0.18,287.28
OD2785,Ridhesh,"Eggs, Meat & Fish",Mutton,Namakkal,9/15/2018,East,1741,0.2,731.22
OD2786,Jackson,Food Grains,Rice,Coimbatore,08-08-2016,East,1816,0.21,635.6
OD2787,Suresh,Bakery,Cakes,Nagercoil,6/23/2017,East,771,0.22,277.56
OD2788,Adavan,Snacks,Cookies,Ramanadhapuram,11/23/2016,East,596,0.14,214.56
OD2789,Esther,Beverages,Soft Drinks,Perambalur,09-03-2017,East,788,0.25,291.56
OD2790,Sheeba,"Eggs, Meat & Fish",Fish,Salem,3/31/2018,East,1420,0.22,99.4
OD2791,Arvind,"Eggs, Meat & Fish",Chicken,Nagercoil,3/17/2018,East,1239,0.24,470.82
OD2792,Suresh,Bakery,Biscuits,Cumbum,7/29/2018,East,721,0.1,201.88
OD2793,Vidya,Beverages,Health Drinks,Perambalur,7/14/2017,East,1085,0.33,303.8
OD2794,Aditi,Fruits & Veggies,Organic Vegetables,Bodi,8/27/2017,East,1537,0.12,322.77
OD2795,Alan,"Eggs, Meat & Fish",Fish,Cumbum,9/29/2015,East,1192,0.2,166.88
OD2796,Sudeep,Snacks,Noodles,Cumbum,11/14/2015,East,1655,0.35,496.5
OD2797,Yusuf,Oil & Masala,Edible Oil & Ghee,Nagercoil,11-01-2018,East,1400,0.23,434
OD2798,Amy,Bakery,Cakes,Tirunelveli,03-11-2015,East,752,0.25,218.08
OD2799,Kumar,Beverages,Soft Drinks,Vellore,11-05-2018,East,1341,0.3,268.2
OD2800,Arutra,Bakery,Biscuits,Trichy,3/24/2017,East,1735,0.33,86.75
OD2801,Sudeep,Food Grains,Organic Staples,Karur,11/28/2015,East,1736,0.17,329.84
OD2802,Vidya,Bakery,Breads & Buns,Karur,6/13/2017,East,1084,0.17,487.8
OD2803,Malik,Food Grains,Rice,Theni,7/18/2016,East,1601,0.18,112.07
OD2804,Mathew,Bakery,Cakes,Salem,12/25/2017,East,1703,0.24,272.48
OD2805,Ram,Fruits & Veggies,Fresh Fruits,Tirunelveli,7/13/2016,East,1699,0.31,390.77
OD2806,Alan,Beverages,Health Drinks,Viluppuram,8/24/2018,East,784,0.24,125.44
OD2807,Verma,Snacks,Chocolates,Vellore,12/27/2015,East,2161,0.29,821.18
OD2808,Ravi,Beverages,Soft Drinks,Namakkal,11-12-2018,East,1443,0.28,490.62
OD2809,Anu,Snacks,Chocolates,Trichy,8/19/2015,East,1329,0.14,318.96
OD2810,Ram,"Eggs, Meat & Fish",Eggs,Ramanadhapuram,8/18/2018,East,2134,0.29,576.18
OD2811,Roshan,Snacks,Cookies,Kanyakumari,1/27/2018,East,559,0.19,195.65
OD2812,Yadav,Beverages,Health Drinks,Tenkasi,07-07-2018,East,2445,0.3,122.25
OD2813,Haseena,Fruits & Veggies,Fresh Vegetables,Tirunelveli,3/17/2018,East,1381,0.32,331.44
OD2814,Mathew,"Eggs, Meat & Fish",Eggs,Theni,9/23/2015,East,1889,0.23,453.36
OD2815,Yadav,Oil & Masala,Masalas,Cumbum,7/23/2016,East,864,0.16,259.2
OD2816,Ridhesh,"Eggs, Meat & Fish",Fish,Theni,3/21/2018,East,1360,0.21,326.4
OD2817,Ravi,Food Grains,Dals & Pulses,Karur,8/24/2016,East,1824,0.26,802.56
OD2818,Sabeela,Oil & Masala,Masalas,Namakkal,12-04-2018,East,2099,0.28,881.58
OD2819,Suresh,Fruits & Veggies,Organic Vegetables,Namakkal,09-09-2015,East,2145,0.11,493.35
OD2820,Shah,Fruits & Veggies,Fresh Vegetables,Ooty,8/24/2016,East,547,0.22,82.05
OD2821,Esther,Bakery,Breads & Buns,Cumbum,11-10-2017,East,1145,0.35,137.4
OD2822,Veronica,Fruits & Veggies,Organic Vegetables,Coimbatore,7/25/2018,East,815,0.34,285.25
OD2823,Veronica,"Eggs, Meat & Fish",Mutton,Ramanadhapuram,09-04-2018,East,2291,0.27,458.2
OD2824,Surya,Food Grains,Rice,Tenkasi,09-04-2018,East,671,0.13,33.55
OD2825,Ramesh,Beverages,Soft Drinks,Tenkasi,5/18/2015,East,757,0.15,113.55
OD2826,Harish,Food Grains,Atta & Flour,Bodi,5/15/2017,East,668,0.23,80.16
OD2827,Arvind,Beverages,Soft Drinks,Theni,1/19/2018,East,1791,0.18,125.37
OD2828,Sabeela,Beverages,Health Drinks,Nagercoil,7/25/2018,East,1165,0.35,267.95
OD2829,Harish,Bakery,Breads & Buns,Coimbatore,10-05-2015,East,1051,0.2,388.87
OD2830,Suresh,"Eggs, Meat & Fish",Chicken,Ramanadhapuram,12/29/2015,East,896,0.33,340.48
OD2831,Esther,Beverages,Soft Drinks,Madurai,6/16/2018,East,1042,0.13,177.14
OD2832,Suresh,Snacks,Chocolates,Kanyakumari,05-10-2015,East,1272,0.17,343.44
OD2833,Peer,Fruits & Veggies,Fresh Fruits,Virudhunagar,12-05-2016,East,2438,0.12,341.32
OD2834,Hafiz,Food Grains,Atta & Flour,Krishnagiri,2/25/2017,East,2258,0.18,699.98
OD2835,Shah,Oil & Masala,Spices,Tirunelveli,9/17/2017,East,2296,0.14,298.48
OD2836,Jonas,Beverages,Soft Drinks,Madurai,7/25/2018,East,734,0.17,286.26
OD2837,Suresh,Bakery,Cakes,Tirunelveli,11-10-2017,East,2439,0.25,1073.16
OD2838,Malik,Food Grains,Rice,Madurai,9/25/2018,East,1287,0.18,77.22
OD2839,Amrish,Bakery,Biscuits,Dindigul,11/27/2018,East,1733,0.15,450.58
OD2840,Jonas,Snacks,Cookies,Ramanadhapuram,11-05-2018,East,1424,0.17,356
OD2841,Sharon,Food Grains,Organic Staples,Pudukottai,03-05-2015,East,2433,0.24,608.25
OD2842,Komal,"Eggs, Meat & Fish",Mutton,Bodi,03-11-2015,East,1008,0.1,423.36
OD2843,Willams,Oil & Masala,Edible Oil & Ghee,Pudukottai,3/26/2016,East,1075,0.25,268.75
OD2844,Vince,Snacks,Cookies,Karur,9/16/2018,East,1599,0.12,303.81
OD2845,Alan,Bakery,Breads & Buns,Salem,12-01-2015,East,1230,0.29,430.5
OD2846,Rumaiza,"Eggs, Meat & Fish",Chicken,Coimbatore,9/22/2018,East,954,0.19,381.6
OD2847,Ram,Food Grains,Dals & Pulses,Ramanadhapuram,8/24/2018,East,1526,0.14,167.86
OD2848,Alan,Beverages,Health Drinks,Chennai,9/22/2018,East,561,0.12,100.98
OD2849,Harish,Bakery,Breads & Buns,Tenkasi,09-04-2018,East,1976,0.23,671.84
OD2850,Hussain,"Eggs, Meat & Fish",Fish,Trichy,9/13/2015,East,918,0.21,137.7
OD2851,Anu,Oil & Masala,Edible Oil & Ghee,Theni,12/15/2017,East,2065,0.26,805.35
OD2852,Ganesh,Food Grains,Atta & Flour,Ooty,8/19/2015,East,1606,0.3,690.58
OD2853,Shree,Bakery,Breads & Buns,Ramanadhapuram,09-04-2018,East,2448,0.3,734.4
OD2854,Harish,Oil & Masala,Masalas,Cumbum,6/21/2018,East,1182,0.35,460.98
OD2855,Willams,Food Grains,Dals & Pulses,Bodi,12-05-2016,East,1563,0.35,656.46
OD2856,Ravi,"Eggs, Meat & Fish",Eggs,Kanyakumari,9/26/2016,East,839,0.25,50.34
OD2857,Sudha,Food Grains,Organic Staples,Krishnagiri,11/18/2015,East,720,0.24,216
OD2858,Sundar,Bakery,Breads & Buns,Kanyakumari,11/26/2017,East,921,0.24,147.36
OD2859,Harish,Bakery,Biscuits,Nagercoil,11-03-2017,South,691,0.29,48.37
OD2860,Rumaiza,Beverages,Soft Drinks,Chennai,12/29/2018,South,988,0.32,355.68
OD2861,Ramesh,"Eggs, Meat & Fish",Mutton,Chennai,12/29/2018,South,1884,0.19,584.04
OD2862,Roshan,"Eggs, Meat & Fish",Mutton,Nagercoil,11/14/2017,South,1645,0.24,115.15
OD2863,Sundar,Fruits & Veggies,Organic Vegetables,Salem,12-09-2018,South,1297,0.33,479.89
OD2864,Amrish,Beverages,Soft Drinks,Bodi,12/19/2015,South,665,0.34,246.05
OD2865,Vince,Snacks,Cookies,Krishnagiri,05-01-2017,South,1020,0.14,306
OD2866,Esther,Oil & Masala,Edible Oil & Ghee,Ramanadhapuram,05-05-2015,South,2240,0.13,918.4
OD2867,Rumaiza,Beverages,Soft Drinks,Cumbum,3/29/2016,South,2257,0.28,857.66
OD2868,Haseena,Beverages,Health Drinks,Vellore,11/14/2017,South,1122,0.14,157.08
OD2869,Krithika,Food Grains,Dals & Pulses,Ooty,12-09-2018,South,2374,0.32,284.88
OD2870,Yusuf,Snacks,Chocolates,Chennai,3/27/2018,South,904,0.19,153.68
OD2871,Roshan,Snacks,Noodles,Kanyakumari,3/16/2016,South,959,0.15,95.9
OD2872,Harish,Oil & Masala,Masalas,Krishnagiri,12-09-2018,South,561,0.23,145.86
OD2873,Vince,Bakery,Breads & Buns,Krishnagiri,3/27/2018,South,534,0.15,208.26
OD2874,Suresh,Fruits & Veggies,Organic Vegetables,Vellore,05-01-2017,South,773,0.3,123.68
OD2875,James,Beverages,Health Drinks,Ramanadhapuram,9/23/2018,South,2396,0.3,119.8
OD2876,Anu,Oil & Masala,Masalas,Vellore,05-05-2015,South,1898,0.19,360.62
OD2877,Veena,Bakery,Biscuits,Cumbum,8/27/2015,South,779,0.27,109.06
OD2878,Shree,Beverages,Health Drinks,Coimbatore,11-08-2016,South,1409,0.14,211.35
OD2879,Roshan,Food Grains,Atta & Flour,Virudhunagar,9/27/2017,South,690,0.22,48.3
OD2880,Rumaiza,Food Grains,Atta & Flour,Pudukottai,12/17/2015,South,1135,0.26,249.7
OD2881,Alan,Food Grains,Rice,Madurai,6/30/2017,South,2406,0.27,625.56
OD2882,Vince,Oil & Masala,Edible Oil & Ghee,Namakkal,11-03-2017,South,558,0.11,189.72
OD2883,Ganesh,"Eggs, Meat & Fish",Chicken,Nagercoil,4/29/2015,South,1243,0.28,198.88
OD2884,Jonas,Food Grains,Atta & Flour,Theni,4/19/2015,South,2287,0.33,343.05
OD2885,Ganesh,"Eggs, Meat & Fish",Fish,Ooty,05-01-2017,South,743,0.11,104.02
OD2886,Ram,Bakery,Biscuits,Krishnagiri,9/27/2017,South,2081,0.23,811.59
OD2887,Hafiz,Food Grains,Rice,Pudukottai,05-05-2015,South,2155,0.12,754.25
OD2888,Hussain,Beverages,Soft Drinks,Ooty,12/25/2018,South,1536,0.2,291.84
OD2889,Arvind,Snacks,Noodles,Salem,9/14/2016,South,989,0.35,168.13
OD2890,Haseena,Fruits & Veggies,Fresh Fruits,Ooty,3/27/2018,South,886,0.29,256.94
OD2891,Ganesh,Bakery,Breads & Buns,Tenkasi,09-11-2018,South,829,0.27,157.51
OD2892,Sudha,"Eggs, Meat & Fish",Chicken,Perambalur,03-01-2016,South,1784,0.26,499.52
OD2893,Verma,Snacks,Chocolates,Pudukottai,12-09-2018,South,1534,0.24,291.46
OD2894,Veronica,Oil & Masala,Spices,Karur,09-11-2018,South,1486,0.21,297.2
OD2895,Harish,Beverages,Soft Drinks,Dharmapuri,11-03-2017,South,1559,0.28,265.03
OD2896,Suresh,Fruits & Veggies,Organic Vegetables,Chennai,3/27/2018,South,1522,0.18,395.72
OD2897,Ramesh,Food Grains,Rice,Trichy,12-09-2018,South,1227,0.34,441.72
OD2898,Malik,Bakery,Biscuits,Madurai,11-08-2016,South,1155,0.11,473.55
OD2899,Yadav,"Eggs, Meat & Fish",Mutton,Ooty,12/25/2016,South,1231,0.17,147.72
OD2900,Willams,Bakery,Biscuits,Ooty,3/16/2016,South,965,0.33,328.1
OD2901,Komal,Snacks,Cookies,Karur,9/23/2017,South,1422,0.35,597.24
OD2902,Aditi,Beverages,Health Drinks,Madurai,4/14/2017,South,1567,0.26,564.12
OD2903,Anu,"Eggs, Meat & Fish",Chicken,Dharmapuri,12/19/2015,South,785,0.23,337.55
OD2904,Mathew,Snacks,Cookies,Cumbum,12/21/2018,South,1390,0.15,583.8
OD2905,James,Snacks,Chocolates,Coimbatore,6/29/2017,South,1887,0.12,207.57
OD2906,Harish,Snacks,Chocolates,Namakkal,11-08-2016,South,1273,0.34,63.65
OD2907,Rumaiza,Oil & Masala,Edible Oil & Ghee,Tenkasi,05-09-2017,South,2493,0.1,673.11
OD2908,Sabeela,"Eggs, Meat & Fish",Mutton,Karur,11/19/2018,South,681,0.23,245.16
OD2909,Surya,Fruits & Veggies,Fresh Vegetables,Ooty,02-02-2017,South,1655,0.3,612.35
OD2910,Suresh,Beverages,Health Drinks,Viluppuram,11/25/2018,South,2195,0.22,285.35
OD2911,Sudeep,Oil & Masala,Spices,Viluppuram,12-05-2017,South,2100,0.14,315
OD2912,Ganesh,Bakery,Breads & Buns,Karur,4/19/2015,South,2341,0.15,749.12
OD2913,Surya,Food Grains,Atta & Flour,Theni,11/13/2018,South,1585,0.31,634
OD2914,Surya,Food Grains,Atta & Flour,Vellore,12/23/2015,South,1853,0.29,796.79
OD2915,Veena,Fruits & Veggies,Fresh Fruits,Kanyakumari,12/22/2018,South,2451,0.21,318.63
OD2916,Mathew,Food Grains,Organic Staples,Pudukottai,8/25/2018,South,2099,0.29,314.85
OD2917,Verma,Fruits & Veggies,Organic Fruits,Trichy,10/22/2016,South,2315,0.28,972.3
OD2918,James,Beverages,Health Drinks,Coimbatore,7/29/2018,South,1512,0.26,241.92
OD2919,Verma,Fruits & Veggies,Organic Fruits,Pudukottai,09-04-2017,South,1413,0.3,452.16
OD2920,Komal,Bakery,Biscuits,Krishnagiri,8/25/2018,South,741,0.1,51.87
OD2921,Ganesh,Bakery,Biscuits,Virudhunagar,09-04-2017,South,1363,0.1,558.83
OD2922,Yadav,Food Grains,Dals & Pulses,Perambalur,8/29/2015,South,1718,0.24,360.78
OD2923,Sheeba,Bakery,Breads & Buns,Dindigul,03-09-2016,South,1546,0.26,108.22
OD2924,Veena,Fruits & Veggies,Organic Vegetables,Perambalur,04-11-2015,South,1374,0.32,590.82
OD2925,Alan,Food Grains,Rice,Karur,8/23/2018,South,2347,0.16,704.1
OD2926,Komal,"Eggs, Meat & Fish",Chicken,Tirunelveli,12/23/2015,South,1297,0.23,570.68
OD2927,Mathew,Bakery,Breads & Buns,Ooty,10/28/2018,South,831,0.28,257.61
OD2928,Hussain,Bakery,Breads & Buns,Tenkasi,11-06-2018,South,1506,0.32,677.7
OD2929,Peer,Snacks,Noodles,Krishnagiri,3/18/2017,South,1171,0.18,363.01
OD2930,Vidya,Oil & Masala,Edible Oil & Ghee,Salem,7/29/2018,South,689,0.1,172.25
OD2931,Esther,Oil & Masala,Edible Oil & Ghee,Dharmapuri,09-05-2017,South,580,0.28,29
OD2932,Vince,"Eggs, Meat & Fish",Eggs,Coimbatore,04-11-2015,South,2221,0.11,155.47
OD2933,Vince,Food Grains,Atta & Flour,Vellore,12/23/2015,South,2377,0.23,499.17
OD2934,Veena,"Eggs, Meat & Fish",Mutton,Theni,10/28/2018,South,1353,0.32,148.83
OD2935,Vince,Food Grains,Atta & Flour,Tenkasi,8/13/2017,South,2449,0.29,930.62
OD2936,Sabeela,Fruits & Veggies,Fresh Vegetables,Kanyakumari,11-03-2018,South,2430,0.33,704.7
OD2937,Muneer,"Eggs, Meat & Fish",Eggs,Salem,09-05-2017,South,2453,0.14,466.07
OD2938,Amrish,Snacks,Noodles,Bodi,09-04-2017,South,1857,0.27,315.69
OD2939,Suresh,Bakery,Breads & Buns,Virudhunagar,11/13/2018,South,1914,0.34,153.12
OD2940,Malik,Bakery,Biscuits,Coimbatore,8/22/2015,South,853,0.31,110.89
OD2941,Sundar,Fruits & Veggies,Fresh Fruits,Tirunelveli,8/27/2018,South,1807,0.11,289.12
OD2942,James,"Eggs, Meat & Fish",Eggs,Bodi,12-04-2016,South,1571,0.2,518.43
OD2943,Shah,Bakery,Breads & Buns,Ooty,11-06-2018,South,2280,0.24,159.6
OD2944,Amy,Beverages,Health Drinks,Madurai,11/13/2018,South,1567,0.32,673.81
OD2945,James,"Eggs, Meat & Fish",Fish,Viluppuram,8/23/2018,South,1839,0.29,588.48
OD2946,Sharon,Beverages,Health Drinks,Theni,5/27/2018,South,794,0.12,230.26
OD2947,Krithika,Oil & Masala,Edible Oil & Ghee,Virudhunagar,12/23/2015,South,2374,0.26,593.5
OD2948,Jonas,Food Grains,Rice,Dindigul,8/23/2018,South,1049,0.23,230.78
OD2949,Jonas,Snacks,Chocolates,Cumbum,10/31/2017,South,1826,0.35,109.56
OD2950,Malik,Fruits & Veggies,Organic Vegetables,Perambalur,11-06-2018,South,1077,0.12,463.11
OD2951,Jonas,Food Grains,Rice,Ooty,8/31/2018,South,2184,0.32,764.4
OD2952,Roshan,Beverages,Health Drinks,Bodi,10-01-2017,South,1463,0.33,160.93
OD2953,Roshan,"Eggs, Meat & Fish",Fish,Kanyakumari,10/21/2017,South,1474,0.27,132.66
OD2954,Sundar,Oil & Masala,Spices,Tenkasi,5/15/2017,South,1499,0.12,89.94
OD2955,Vidya,Food Grains,Rice,Ramanadhapuram,10-01-2017,South,1216,0.25,474.24
OD2956,Vince,Beverages,Health Drinks,Perambalur,8/29/2015,South,945,0.35,160.65
OD2957,Jackson,Bakery,Cakes,Salem,12-04-2016,South,1916,0.2,402.36
OD2958,Jackson,"Eggs, Meat & Fish",Chicken,Tirunelveli,09-05-2017,South,1657,0.13,331.4
OD2959,Yusuf,Beverages,Health Drinks,Dindigul,11-06-2018,South,1222,0.2,281.06
OD2960,Sheeba,Food Grains,Rice,Bodi,8/13/2017,South,2397,0.25,958.8
OD2961,Ramesh,Bakery,Biscuits,Theni,12-12-2016,West,2181,0.17,261.72
OD2962,Veena,"Eggs, Meat & Fish",Eggs,Tirunelveli,12/20/2015,West,1591,0.19,556.85
OD2963,Sudeep,"Eggs, Meat & Fish",Chicken,Tenkasi,01-07-2018,West,970,0.15,48.5
OD2964,Jackson,Beverages,Health Drinks,Dharmapuri,6/24/2018,West,1350,0.31,256.5
OD2965,Ridhesh,Snacks,Cookies,Chennai,9/29/2017,West,1364,0.12,381.92
OD2966,Sundar,Oil & Masala,Spices,Salem,3/28/2017,West,530,0.3,190.8
OD2967,Haseena,Fruits & Veggies,Fresh Vegetables,Tenkasi,07-07-2017,West,1779,0.23,142.32
OD2968,Jackson,Beverages,Soft Drinks,Salem,6/24/2017,West,1586,0.2,713.7
OD2969,Vinne,Bakery,Breads & Buns,Karur,6/23/2017,West,837,0.13,234.36
OD2970,Alan,Oil & Masala,Masalas,Krishnagiri,8/26/2017,West,2292,0.19,183.36
OD2971,Ramesh,Food Grains,Organic Staples,Madurai,12/29/2015,West,2213,0.16,531.12
OD2972,Ganesh,"Eggs, Meat & Fish",Eggs,Karur,6/17/2018,West,1028,0.21,61.68
OD2973,Verma,Beverages,Health Drinks,Krishnagiri,4/13/2016,West,814,0.35,48.84
OD2974,Akash,Fruits & Veggies,Fresh Fruits,Krishnagiri,05-04-2018,West,892,0.34,240.84
OD2975,Veronica,Oil & Masala,Masalas,Virudhunagar,11-12-2018,West,1931,0.16,617.92
OD2976,Anu,Food Grains,Atta & Flour,Cumbum,9/23/2018,West,1210,0.1,217.8
OD2977,Suresh,"Eggs, Meat & Fish",Eggs,Namakkal,09-09-2018,West,2118,0.24,889.56
OD2978,Ganesh,Oil & Masala,Spices,Namakkal,12/20/2015,West,2406,0.21,529.32
OD2979,Peer,Food Grains,Organic Staples,Ooty,10-12-2018,West,661,0.11,257.79
OD2980,Sudeep,Bakery,Biscuits,Bodi,9/24/2016,West,1372,0.2,274.4
OD2981,Sheeba,Oil & Masala,Edible Oil & Ghee,Tenkasi,7/25/2016,West,1283,0.26,346.41
OD2982,Alan,Fruits & Veggies,Organic Fruits,Ramanadhapuram,12/13/2016,West,2073,0.22,497.52
OD2983,Amy,Fruits & Veggies,Organic Vegetables,Theni,8/14/2018,West,967,0.3,367.46
OD2984,Jackson,"Eggs, Meat & Fish",Chicken,Karur,04-01-2015,West,827,0.15,49.62
OD2985,Esther,Food Grains,Atta & Flour,Pudukottai,04-11-2016,West,1808,0.2,216.96
OD2986,Ridhesh,Snacks,Chocolates,Bodi,2/15/2016,West,2167,0.14,303.38
OD2987,Malik,Snacks,Cookies,Madurai,11/22/2016,West,1449,0.15,623.07
OD2988,Ganesh,Beverages,Soft Drinks,Tenkasi,11-12-2018,West,2351,0.32,399.67
OD2989,Alan,Fruits & Veggies,Fresh Vegetables,Krishnagiri,10/23/2016,West,1818,0.25,199.98
OD2990,James,Fruits & Veggies,Fresh Fruits,Cumbum,2/19/2017,West,785,0.28,78.5
OD2991,Sharon,Beverages,Soft Drinks,Krishnagiri,12-10-2018,West,2481,0.28,372.15
OD2992,Suresh,Snacks,Chocolates,Vellore,12-08-2015,West,1479,0.17,473.28
OD2993,Sudha,Bakery,Breads & Buns,Karur,10/18/2015,West,1097,0.15,87.76
OD2994,Shah,Beverages,Health Drinks,Viluppuram,06-11-2018,West,607,0.35,242.8
OD2995,Muneer,Fruits & Veggies,Organic Fruits,Perambalur,7/27/2018,West,949,0.35,360.62
OD2996,Sharon,"Eggs, Meat & Fish",Eggs,Karur,7/25/2016,West,1666,0.3,383.18
OD2997,Shah,Food Grains,Organic Staples,Virudhunagar,3/23/2015,West,1151,0.35,391.34
OD2998,Vince,"Eggs, Meat & Fish",Chicken,Kanyakumari,12-08-2017,West,1338,0.17,414.78
OD2999,Veena,Oil & Masala,Spices,Coimbatore,06-11-2018,West,967,0.33,67.69
OD3000,Malik,Snacks,Noodles,Cumbum,7/17/2017,West,2200,0.26,396
OD3001,Arvind,Fruits & Veggies,Fresh Vegetables,Trichy,05-06-2018,West,1077,0.35,430.8
OD3002,Alan,Beverages,Soft Drinks,Perambalur,6/24/2017,West,2367,0.15,1065.15
OD3003,Arvind,Bakery,Breads & Buns,Salem,08-04-2015,West,1075,0.14,301
OD3004,Veena,Food Grains,Atta & Flour,Theni,09-01-2015,West,1306,0.1,195.9
OD3005,Vinne,Food Grains,Organic Staples,Namakkal,4/19/2017,West,985,0.33,275.8
OD3006,Veronica,Food Grains,Organic Staples,Viluppuram,11-05-2017,West,527,0.32,126.48
OD3007,Komal,Oil & Masala,Spices,Karur,09-02-2017,West,2194,0.34,987.3
OD3008,Hafiz,Food Grains,Dals & Pulses,Viluppuram,11-12-2018,West,1196,0.22,131.56
OD3009,Haseena,Oil & Masala,Masalas,Kanyakumari,6/23/2017,West,579,0.16,208.44
OD3010,Sheeba,Fruits & Veggies,Fresh Fruits,Ramanadhapuram,2/15/2016,West,1609,0.35,257.44
OD3011,Peer,Oil & Masala,Spices,Salem,11-10-2017,West,2048,0.21,655.36
OD3012,Ridhesh,"Eggs, Meat & Fish",Mutton,Theni,5/16/2017,West,2461,0.21,959.79
OD3013,Suresh,Snacks,Noodles,Bodi,09-12-2018,West,2088,0.11,647.28
OD3014,Sundar,Oil & Masala,Masalas,Coimbatore,01-06-2015,West,2259,0.35,112.95
OD3015,Komal,Food Grains,Organic Staples,Namakkal,12-05-2018,West,1390,0.14,542.1
OD3016,James,Fruits & Veggies,Fresh Fruits,Nagercoil,12/25/2016,West,814,0.14,276.76
OD3017,Hussain,Food Grains,Dals & Pulses,Theni,12/25/2016,West,1253,0.27,400.96
OD3018,Jonas,Bakery,Cakes,Madurai,3/29/2016,West,2093,0.28,732.55
OD3019,Ram,"Eggs, Meat & Fish",Eggs,Karur,3/26/2017,West,1915,0.2,210.65
OD3020,Anu,Bakery,Cakes,Coimbatore,06-12-2018,West,2144,0.14,150.08
OD3021,Ramesh,"Eggs, Meat & Fish",Fish,Cumbum,07-11-2016,West,2387,0.19,930.93
OD3022,Rumaiza,Beverages,Health Drinks,Bodi,01-07-2018,West,739,0.35,162.58
OD3023,Haseena,Oil & Masala,Masalas,Salem,08-03-2018,West,556,0.27,244.64
OD3024,Sharon,Snacks,Chocolates,Ramanadhapuram,11/22/2016,West,1174,0.16,117.4
OD3025,Adavan,Snacks,Chocolates,Ooty,12-12-2015,West,2230,0.19,468.3
OD3026,Amrish,Oil & Masala,Spices,Vellore,11-06-2017,West,1325,0.14,79.5
OD3027,Rumaiza,Fruits & Veggies,Fresh Vegetables,Tirunelveli,08-01-2018,West,1905,0.27,476.25
OD3028,Suresh,"Eggs, Meat & Fish",Fish,Cumbum,12-08-2017,West,2290,0.21,137.4
OD3029,Alan,Food Grains,Organic Staples,Karur,9/23/2018,West,593,0.21,166.04
OD3030,Ganesh,Oil & Masala,Masalas,Ramanadhapuram,4/16/2017,West,2448,0.29,538.56
OD3031,Arutra,Food Grains,Dals & Pulses,Salem,11-10-2017,West,1935,0.34,832.05
OD3032,Amy,Oil & Masala,Masalas,Chennai,05-08-2018,West,1163,0.35,116.3
OD3033,Vinne,Snacks,Chocolates,Chennai,10/17/2018,West,1170,0.3,362.7
OD3034,Hafiz,Oil & Masala,Edible Oil & Ghee,Namakkal,7/22/2015,West,1924,0.25,269.36
OD3035,Sabeela,"Eggs, Meat & Fish",Chicken,Bodi,10/25/2016,West,2232,0.14,491.04
OD3036,Vinne,Bakery,Cakes,Dharmapuri,12-12-2016,West,2031,0.3,162.48
OD3037,Verma,Snacks,Noodles,Tenkasi,10/23/2016,West,716,0.33,150.36
OD3038,Sharon,Food Grains,Dals & Pulses,Dindigul,12-12-2016,West,988,0.23,148.2
OD3039,Krithika,"Eggs, Meat & Fish",Fish,Theni,12/20/2016,West,1750,0.15,367.5
OD3040,Verma,Oil & Masala,Spices,Pudukottai,4/19/2017,West,1547,0.12,123.76
OD3041,Sabeela,"Eggs, Meat & Fish",Chicken,Salem,11/30/2016,West,1259,0.12,176.26
OD3042,Sudeep,Bakery,Biscuits,Virudhunagar,2/21/2016,West,579,0.12,208.44
OD3043,Verma,"Eggs, Meat & Fish",Mutton,Tirunelveli,7/27/2018,West,1304,0.13,573.76
OD3044,Kumar,"Eggs, Meat & Fish",Mutton,Madurai,3/28/2017,West,1677,0.35,620.49
OD3045,Suresh,Fruits & Veggies,Organic Vegetables,Madurai,11-10-2017,West,520,0.33,104
OD3046,Sheeba,Food Grains,Rice,Bodi,3/21/2018,West,1503,0.21,405.81
OD3047,Sudeep,Oil & Masala,Spices,Bodi,6/23/2017,West,1198,0.13,419.3
OD3048,Vince,Food Grains,Rice,Tenkasi,7/25/2015,West,559,0.29,156.52
OD3049,Ravi,Snacks,Cookies,Theni,12/17/2016,West,1163,0.28,220.97
OD3050,Kumar,Bakery,Biscuits,Tirunelveli,12/17/2016,West,1989,0.31,735.93
OD3051,Veronica,Bakery,Breads & Buns,Tirunelveli,11-10-2017,West,1714,0.35,702.74
OD3052,Vince,"Eggs, Meat & Fish",Fish,Pudukottai,4/19/2017,West,1615,0.15,629.85
OD3053,Ravi,Food Grains,Organic Staples,Madurai,08-04-2015,West,691,0.29,200.39
OD3054,Suresh,"Eggs, Meat & Fish",Fish,Salem,3/26/2015,West,1953,0.35,566.37
OD3055,Suresh,Oil & Masala,Masalas,Coimbatore,08-03-2018,West,995,0.29,427.85
OD3056,Roshan,Food Grains,Atta & Flour,Viluppuram,11-10-2017,West,2422,0.16,435.96
OD3057,Jackson,"Eggs, Meat & Fish",Mutton,Trichy,6/16/2017,West,2011,0.34,744.07
OD3058,Arvind,"Eggs, Meat & Fish",Mutton,Tenkasi,08-04-2015,West,1565,0.28,469.5
OD3059,Muneer,Fruits & Veggies,Fresh Fruits,Salem,7/25/2015,West,2263,0.21,271.56
OD3060,Vince,Beverages,Health Drinks,Namakkal,2/15/2016,West,2035,0.26,468.05
OD3061,Ram,Fruits & Veggies,Fresh Vegetables,Perambalur,8/14/2018,West,759,0.18,98.67
OD3062,Malik,Snacks,Cookies,Vellore,7/25/2017,West,995,0.17,218.9
OD3063,Adavan,Food Grains,Atta & Flour,Tirunelveli,12/13/2015,West,1295,0.35,142.45
OD3064,Harish,Bakery,Breads & Buns,Pudukottai,3/29/2016,West,2366,0.21,425.88
OD3065,Krithika,Food Grains,Rice,Tirunelveli,09-10-2016,West,599,0.1,221.63
OD3066,Ravi,Oil & Masala,Spices,Bodi,7/17/2017,West,1986,0.24,496.5
OD3067,James,Oil & Masala,Masalas,Madurai,01-07-2018,West,1485,0.14,386.1
OD3068,Rumaiza,Fruits & Veggies,Organic Vegetables,Cumbum,08-04-2015,West,1025,0.19,133.25
OD3069,Adavan,Beverages,Health Drinks,Theni,9/14/2018,West,1164,0.31,302.64
OD3070,Aditi,Bakery,Biscuits,Tenkasi,5/16/2017,West,1258,0.16,364.82
OD3071,Yusuf,Oil & Masala,Spices,Chennai,09-09-2018,West,1843,0.12,313.31
OD3072,Komal,"Eggs, Meat & Fish",Eggs,Ooty,11/22/2016,West,1869,0.1,485.94
OD3073,Harish,Fruits & Veggies,Fresh Vegetables,Theni,7/22/2015,West,2331,0.22,186.48
OD3074,Ram,Food Grains,Dals & Pulses,Karur,01-07-2018,West,1368,0.18,615.6
OD3075,Krithika,Beverages,Health Drinks,Viluppuram,08-08-2015,West,1021,0.27,224.62
OD3076,Yadav,"Eggs, Meat & Fish",Fish,Salem,10/29/2017,West,2244,0.19,201.96
OD3077,Harish,Bakery,Cakes,Cumbum,4/19/2017,West,539,0.25,59.29
OD3078,Sudeep,Fruits & Veggies,Fresh Vegetables,Tenkasi,11/15/2017,West,1256,0.3,514.96
OD3079,Jonas,Snacks,Cookies,Madurai,08-04-2015,West,2158,0.26,258.96
OD3080,Krithika,Beverages,Health Drinks,Virudhunagar,10/18/2015,West,2282,0.29,867.16
OD3081,Jackson,Snacks,Cookies,Virudhunagar,9/23/2018,West,1940,0.11,679
OD3082,Malik,Oil & Masala,Masalas,Ramanadhapuram,9/24/2016,West,561,0.22,140.25
OD3083,Peer,Food Grains,Organic Staples,Viluppuram,12/18/2018,West,1764,0.24,776.16
OD3084,Sundar,Bakery,Cakes,Ramanadhapuram,3/19/2018,West,1375,0.18,316.25
OD3085,Hussain,Beverages,Soft Drinks,Namakkal,12/20/2015,West,1589,0.33,349.58
OD3086,Verma,Bakery,Cakes,Viluppuram,12/17/2016,West,639,0.32,210.87
OD3087,Sabeela,"Eggs, Meat & Fish",Fish,Vellore,3/21/2018,West,2194,0.18,416.86
OD3088,Kumar,Snacks,Chocolates,Namakkal,09-10-2017,West,1641,0.34,114.87
OD3089,Krithika,Food Grains,Dals & Pulses,Perambalur,4/25/2018,West,1642,0.14,229.88
OD3090,Vidya,Fruits & Veggies,Organic Fruits,Ramanadhapuram,12/19/2018,West,1721,0.2,653.98
OD3091,Veronica,Oil & Masala,Masalas,Coimbatore,02-03-2015,West,1015,0.22,152.25
OD3092,Shah,Beverages,Health Drinks,Tenkasi,09-02-2018,West,1226,0.14,416.84
OD3093,Sharon,Bakery,Breads & Buns,Bodi,12-03-2018,West,1717,0.2,618.12
OD3094,Anu,Oil & Masala,Edible Oil & Ghee,Theni,11-10-2017,West,2097,0.23,650.07
OD3095,Peer,Food Grains,Organic Staples,Chennai,3/21/2018,West,1622,0.22,486.6
OD3096,Hafiz,"Eggs, Meat & Fish",Fish,Ooty,4/19/2017,West,2004,0.28,340.68
OD3097,Muneer,Fruits & Veggies,Organic Fruits,Trichy,3/26/2017,West,1644,0.23,82.2
OD3098,Aditi,Food Grains,Atta & Flour,Dharmapuri,7/17/2017,West,2477,0.33,891.72
OD3099,Veena,Bakery,Breads & Buns,Ooty,9/24/2016,West,531,0.3,127.44
OD3100,Ravi,Oil & Masala,Masalas,Madurai,02-03-2015,West,1546,0.28,448.34
OD3101,Haseena,Snacks,Cookies,Nagercoil,07-11-2016,West,746,0.27,164.12
OD3102,Veronica,Fruits & Veggies,Organic Fruits,Bodi,12/29/2017,West,621,0.1,279.45
OD3103,Amy,Oil & Masala,Edible Oil & Ghee,Viluppuram,7/14/2016,West,1377,0.29,509.49
OD3104,Rumaiza,Beverages,Soft Drinks,Bodi,3/20/2016,West,1621,0.17,664.61
OD3105,Komal,Fruits & Veggies,Organic Fruits,Tirunelveli,12-06-2015,West,1497,0.16,389.22
OD3106,Willams,Beverages,Soft Drinks,Dindigul,11-07-2015,West,1874,0.2,787.08
OD3107,Haseena,Beverages,Soft Drinks,Viluppuram,09-09-2017,West,1225,0.28,147
OD3108,Shah,Oil & Masala,Masalas,Ramanadhapuram,04-01-2015,West,2308,0.27,369.28
OD3109,Alan,Beverages,Health Drinks,Tirunelveli,7/14/2016,West,1103,0.27,485.32
OD3110,Roshan,Snacks,Noodles,Ooty,11/18/2015,West,1526,0.17,686.7
OD3111,Willams,Bakery,Cakes,Ramanadhapuram,8/20/2018,West,2289,0.2,618.03
OD3112,Krithika,Beverages,Soft Drinks,Theni,2/15/2016,West,687,0.34,240.45
OD3113,Alan,Food Grains,Atta & Flour,Coimbatore,2/15/2016,West,972,0.14,213.84
OD3114,Sudeep,Beverages,Soft Drinks,Tirunelveli,12/20/2015,West,1669,0.22,550.77
OD3115,Yadav,Bakery,Biscuits,Perambalur,11-01-2018,West,506,0.29,70.84
OD3116,Malik,Oil & Masala,Edible Oil & Ghee,Karur,06-02-2018,West,852,0.27,289.68
OD3117,Vidya,Oil & Masala,Spices,Perambalur,11-07-2015,West,1640,0.18,656
OD3118,Arutra,Beverages,Health Drinks,Krishnagiri,12-03-2018,West,2093,0.28,941.85
OD3119,Amrish,Oil & Masala,Spices,Viluppuram,4/23/2018,West,1223,0.15,61.15
OD3120,Sudha,"Eggs, Meat & Fish",Eggs,Karur,09-04-2018,West,581,0.34,255.64
OD3121,Esther,Bakery,Cakes,Namakkal,06-11-2018,West,505,0.13,222.2
OD3122,Adavan,Fruits & Veggies,Fresh Vegetables,Viluppuram,06-02-2018,West,2145,0.31,600.6
OD3123,Sundar,Bakery,Cakes,Perambalur,9/24/2016,West,1933,0.32,753.87
OD3124,Sudha,Bakery,Biscuits,Cumbum,3/19/2018,West,2060,0.18,618
OD3125,Jonas,Bakery,Cakes,Namakkal,11/15/2017,West,1469,0.22,499.46
OD3126,Malik,Fruits & Veggies,Organic Fruits,Madurai,12-03-2018,West,523,0.14,120.29
OD3127,Hussain,Bakery,Breads & Buns,Dharmapuri,11/24/2018,West,1916,0.13,229.92
OD3128,James,Food Grains,Organic Staples,Trichy,9/15/2018,West,1513,0.28,181.56
OD3129,Alan,Food Grains,Rice,Virudhunagar,11/24/2018,West,1756,0.25,684.84
OD3130,Surya,Fruits & Veggies,Organic Vegetables,Madurai,11/20/2016,West,2381,0.19,857.16
OD3131,Hafiz,Fruits & Veggies,Fresh Vegetables,Coimbatore,10/22/2018,West,1683,0.16,218.79
OD3132,Sundar,Food Grains,Rice,Bodi,11/20/2016,West,1784,0.26,267.6
OD3133,Harish,Beverages,Health Drinks,Coimbatore,03-08-2016,Central,1937,0.1,368.03
OD3134,Vidya,Beverages,Soft Drinks,Perambalur,5/29/2018,Central,1402,0.13,112.16
OD3135,Krithika,Fruits & Veggies,Fresh Fruits,Dindigul,9/24/2017,Central,2425,0.29,436.5
OD3136,Hussain,Beverages,Soft Drinks,Pudukottai,5/29/2018,Central,1583,0.34,221.62
OD3137,Akash,Snacks,Cookies,Ramanadhapuram,3/21/2018,Central,2402,0.3,192.16
OD3138,Hafiz,Bakery,Cakes,Tirunelveli,7/17/2017,Central,816,0.27,97.92
OD3139,Vidya,Snacks,Cookies,Salem,10-01-2018,Central,2246,0.31,269.52
OD3140,Amrish,Food Grains,Organic Staples,Namakkal,9/24/2017,Central,1752,0.24,438
OD3141,Suresh,Snacks,Chocolates,Tenkasi,12/21/2018,Central,1265,0.2,404.8
OD3142,Ganesh,Oil & Masala,Edible Oil & Ghee,Vellore,1/20/2015,Central,1148,0.21,309.96
OD3143,Ram,Snacks,Chocolates,Tenkasi,7/17/2017,Central,2360,0.28,542.8
OD3144,Haseena,Snacks,Noodles,Krishnagiri,5/29/2018,Central,945,0.13,245.7
OD3145,Sabeela,Oil & Masala,Masalas,Krishnagiri,12/29/2017,Central,2478,0.13,1090.32
OD3146,Hussain,Bakery,Biscuits,Viluppuram,3/17/2015,Central,1727,0.24,690.8
OD3147,Amy,Food Grains,Dals & Pulses,Ooty,9/13/2017,Central,2033,0.28,447.26
OD3148,Veronica,Snacks,Chocolates,Virudhunagar,7/29/2018,Central,2307,0.28,299.91
OD3149,Komal,Beverages,Health Drinks,Coimbatore,09-01-2017,Central,947,0.3,132.58
OD3150,Ramesh,Snacks,Noodles,Virudhunagar,11-10-2015,Central,2062,0.31,907.28
OD3151,Akash,"Eggs, Meat & Fish",Eggs,Chennai,10/30/2017,Central,2385,0.12,310.05
OD3152,Haseena,Snacks,Cookies,Kanyakumari,6/20/2015,Central,560,0.11,95.2
OD3153,Surya,Fruits & Veggies,Organic Fruits,Kanyakumari,6/29/2018,Central,1654,0.14,496.2
OD3154,Vince,Bakery,Biscuits,Bodi,05-08-2016,Central,1827,0.28,493.29
OD3155,James,"Eggs, Meat & Fish",Eggs,Chennai,9/23/2015,Central,1524,0.23,441.96
OD3156,Malik,Oil & Masala,Edible Oil & Ghee,Ramanadhapuram,9/25/2018,Central,981,0.18,255.06
OD3157,James,Food Grains,Organic Staples,Krishnagiri,7/29/2018,Central,1856,0.31,835.2
OD3158,Ridhesh,"Eggs, Meat & Fish",Fish,Nagercoil,4/20/2016,Central,1794,0.23,789.36
OD3159,Esther,Food Grains,Atta & Flour,Perambalur,09-09-2018,Central,1374,0.18,82.44
OD3160,Haseena,Bakery,Cakes,Cumbum,09-04-2017,Central,2491,0.26,1120.95
OD3161,Jackson,Fruits & Veggies,Fresh Vegetables,Perambalur,12-08-2018,Central,1812,0.22,108.72
OD3162,Verma,Oil & Masala,Edible Oil & Ghee,Tenkasi,11/13/2016,Central,714,0.12,78.54
OD3163,Ram,"Eggs, Meat & Fish",Fish,Virudhunagar,11/30/2017,Central,1388,0.25,111.04
OD3164,Veronica,Fruits & Veggies,Fresh Fruits,Tirunelveli,8/26/2017,Central,653,0.27,124.07
OD3165,Peer,Fruits & Veggies,Organic Vegetables,Nagercoil,1/30/2015,Central,2262,0.1,791.7
OD3166,Alan,Beverages,Health Drinks,Ramanadhapuram,06-09-2016,Central,2234,0.11,714.88
OD3167,Aditi,"Eggs, Meat & Fish",Chicken,Madurai,03-10-2015,Central,2275,0.3,864.5
OD3168,Willams,"Eggs, Meat & Fish",Eggs,Dharmapuri,11-03-2018,Central,2036,0.26,325.76
OD3169,Kumar,"Eggs, Meat & Fish",Eggs,Ooty,08-08-2017,Central,916,0.25,238.16
OD3170,Amy,Food Grains,Atta & Flour,Madurai,10-07-2018,Central,2079,0.12,103.95
OD3171,Arvind,Fruits & Veggies,Fresh Vegetables,Nagercoil,1/30/2015,Central,1906,0.33,457.44
OD3172,Harish,Fruits & Veggies,Organic Vegetables,Tenkasi,1/20/2015,Central,1629,0.17,733.05
OD3173,Sabeela,Fruits & Veggies,Fresh Vegetables,Nagercoil,3/30/2015,Central,1738,0.35,729.96
OD3174,Adavan,Beverages,Soft Drinks,Namakkal,12/22/2018,Central,1481,0.11,207.34
OD3175,Jackson,Food Grains,Atta & Flour,Chennai,11-07-2015,Central,979,0.23,166.43
OD3176,Peer,Food Grains,Atta & Flour,Nagercoil,9/13/2017,Central,1477,0.14,354.48
OD3177,Ridhesh,Oil & Masala,Edible Oil & Ghee,Krishnagiri,6/29/2018,Central,778,0.18,272.3
OD3178,Mathew,Food Grains,Rice,Madurai,12-08-2018,Central,977,0.19,439.65
OD3179,Sharon,Beverages,Health Drinks,Namakkal,8/26/2017,Central,681,0.21,299.64
OD3180,Amrish,Fruits & Veggies,Organic Fruits,Nagercoil,1/20/2015,Central,1272,0.16,139.92
OD3181,Ramesh,Food Grains,Dals & Pulses,Pudukottai,06-04-2018,Central,1649,0.27,98.94
OD3182,Rumaiza,Snacks,Cookies,Nagercoil,03-04-2017,Central,1144,0.3,125.84
OD3183,Krithika,Snacks,Noodles,Viluppuram,11/22/2017,Central,2141,0.35,428.2
OD3184,Harish,"Eggs, Meat & Fish",Fish,Nagercoil,11/23/2015,Central,1137,0.18,500.28
OD3185,Arutra,Food Grains,Rice,Bodi,11/14/2015,Central,1823,0.3,729.2
OD3186,Amrish,Food Grains,Atta & Flour,Chennai,11-09-2016,Central,988,0.35,296.4
OD3187,Aditi,Oil & Masala,Spices,Theni,4/13/2016,Central,1052,0.27,105.2
OD3188,Jonas,Food Grains,Dals & Pulses,Kanyakumari,11-07-2015,Central,1768,0.21,141.44
OD3189,Harish,"Eggs, Meat & Fish",Chicken,Salem,3/28/2015,Central,1067,0.3,384.12
OD3190,Sudeep,Bakery,Breads & Buns,Madurai,11-09-2016,Central,580,0.22,237.8
OD3191,Arvind,"Eggs, Meat & Fish",Fish,Chennai,1/23/2015,Central,2314,0.27,624.78
OD3192,Adavan,Bakery,Breads & Buns,Krishnagiri,5/29/2016,Central,2251,0.21,922.91
OD3193,Muneer,Oil & Masala,Masalas,Dharmapuri,6/13/2017,Central,547,0.25,109.4
OD3194,Sabeela,Fruits & Veggies,Fresh Vegetables,Perambalur,11-03-2018,Central,508,0.34,208.28
OD3195,Sudeep,Fruits & Veggies,Fresh Fruits,Tirunelveli,11-10-2015,Central,2114,0.22,739.9
OD3196,Surya,Fruits & Veggies,Organic Vegetables,Tirunelveli,11-10-2015,Central,1524,0.13,228.6
OD3197,Sudeep,Bakery,Cakes,Krishnagiri,7/17/2017,Central,1903,0.26,799.26
OD3198,Peer,Food Grains,Organic Staples,Bodi,11-09-2016,Central,1808,0.28,253.12
OD3199,Ganesh,Bakery,Breads & Buns,Karur,9/13/2017,Central,693,0.26,194.04
OD3200,Sundar,"Eggs, Meat & Fish",Mutton,Namakkal,9/13/2017,Central,1615,0.3,96.9
OD3201,Ridhesh,Oil & Masala,Edible Oil & Ghee,Viluppuram,6/27/2018,Central,2032,0.19,325.12
OD3202,Rumaiza,"Eggs, Meat & Fish",Eggs,Krishnagiri,11/17/2016,Central,1474,0.16,530.64
OD3203,Sundar,"Eggs, Meat & Fish",Mutton,Madurai,09-10-2016,Central,2097,0.14,104.85
OD3204,Arutra,Snacks,Noodles,Coimbatore,11-10-2015,Central,1211,0.14,472.29
OD3205,Jackson,Oil & Masala,Edible Oil & Ghee,Virudhunagar,11-10-2015,Central,775,0.3,240.25
OD3206,Kumar,Oil & Masala,Spices,Vellore,7/17/2017,Central,1365,0.24,532.35
OD3207,Sabeela,Oil & Masala,Masalas,Kanyakumari,9/13/2017,Central,1405,0.15,224.8
OD3208,Adavan,Food Grains,Dals & Pulses,Trichy,11-07-2015,Central,693,0.15,311.85
OD3209,Ridhesh,Food Grains,Dals & Pulses,Ooty,07-11-2018,Central,1934,0.11,135.38
OD3210,Jonas,Fruits & Veggies,Fresh Fruits,Vellore,04-04-2015,Central,1500,0.2,555
OD3211,Suresh,Fruits & Veggies,Fresh Vegetables,Bodi,09-01-2017,Central,783,0.17,305.37
OD3212,Sudeep,Beverages,Soft Drinks,Theni,03-11-2018,Central,2073,0.17,663.36
OD3213,Aditi,Food Grains,Dals & Pulses,Salem,4/20/2018,Central,1191,0.13,83.37
OD3214,Suresh,Fruits & Veggies,Fresh Fruits,Nagercoil,05-04-2015,Central,2244,0.29,561
OD3215,James,Beverages,Soft Drinks,Pudukottai,11/14/2015,Central,2451,0.25,441.18
OD3216,Arvind,Food Grains,Rice,Chennai,11-11-2018,Central,2454,0.26,834.36
OD3217,Ravi,Fruits & Veggies,Fresh Fruits,Tenkasi,11/30/2017,Central,2072,0.21,497.28
OD3218,Yadav,Beverages,Soft Drinks,Dindigul,12-08-2018,Central,2070,0.32,414
OD3219,Sudha,Snacks,Noodles,Pudukottai,11/19/2015,Central,1159,0.33,359.29
OD3220,Esther,Bakery,Biscuits,Coimbatore,11/17/2016,Central,1153,0.27,219.07
OD3221,Aditi,Bakery,Cakes,Karur,4/25/2016,Central,1918,0.22,575.4
OD3222,Peer,Bakery,Breads & Buns,Bodi,7/22/2017,Central,1298,0.26,363.44
OD3223,Esther,Snacks,Cookies,Viluppuram,12-04-2018,Central,985,0.32,128.05
OD3224,Krithika,Beverages,Soft Drinks,Theni,4/25/2016,Central,971,0.33,242.75
OD3225,Shah,Food Grains,Rice,Dharmapuri,12-09-2018,Central,781,0.26,132.77
OD3226,Sheeba,Food Grains,Atta & Flour,Kanyakumari,08-10-2016,Central,1050,0.13,273
OD3227,Hussain,Fruits & Veggies,Fresh Fruits,Ramanadhapuram,09-01-2017,Central,1494,0.27,164.34
OD3228,Ganesh,Snacks,Cookies,Namakkal,09-01-2017,Central,1320,0.2,211.2
OD3229,Ramesh,Food Grains,Atta & Flour,Dharmapuri,9/20/2017,Central,1791,0.3,537.3
OD3230,Alan,Fruits & Veggies,Fresh Fruits,Cumbum,12-09-2018,Central,1108,0.14,166.2
OD3231,Ridhesh,Oil & Masala,Spices,Vellore,1/20/2015,Central,2054,0.33,657.28
OD3232,Ridhesh,Beverages,Soft Drinks,Ooty,1/20/2015,Central,1785,0.29,624.75
OD3233,Yusuf,Beverages,Soft Drinks,Namakkal,9/23/2015,Central,2103,0.32,147.21
OD3234,Alan,Food Grains,Organic Staples,Salem,12/16/2018,Central,1699,0.19,526.69
OD3235,Ganesh,Beverages,Soft Drinks,Madurai,9/13/2017,Central,1576,0.25,315.2
OD3236,Verma,Fruits & Veggies,Organic Fruits,Pudukottai,04-12-2015,Central,1926,0.32,211.86
OD3237,Alan,"Eggs, Meat & Fish",Mutton,Salem,12-09-2018,Central,1804,0.18,469.04
OD3238,Shree,"Eggs, Meat & Fish",Fish,Vellore,3/21/2018,Central,1496,0.27,329.12
OD3239,Haseena,Fruits & Veggies,Fresh Vegetables,Ooty,12/26/2018,Central,1066,0.1,341.12
OD3240,Mathew,"Eggs, Meat & Fish",Fish,Trichy,1/28/2018,Central,2266,0.13,815.76
OD3241,Sudha,Oil & Masala,Edible Oil & Ghee,Karur,7/22/2017,Central,533,0.11,165.23
OD3242,Kumar,Oil & Masala,Spices,Pudukottai,9/23/2015,Central,2327,0.32,465.4
OD3243,Anu,Snacks,Chocolates,Theni,7/22/2017,Central,1257,0.27,540.51
OD3244,Willams,Fruits & Veggies,Organic Fruits,Viluppuram,11-03-2018,Central,2471,0.26,1087.24
OD3245,Alan,Food Grains,Dals & Pulses,Krishnagiri,9/23/2015,Central,799,0.28,327.59
OD3246,Veena,Food Grains,Organic Staples,Tenkasi,09-03-2017,Central,898,0.19,161.64
OD3247,Sudeep,"Eggs, Meat & Fish",Eggs,Krishnagiri,6/20/2015,Central,1636,0.21,98.16
OD3248,Sheeba,Beverages,Soft Drinks,Karur,11-07-2015,Central,2169,0.31,325.35
OD3249,Arvind,Bakery,Cakes,Dindigul,3/17/2015,Central,2191,0.31,810.67
OD3250,Veronica,Fruits & Veggies,Organic Vegetables,Trichy,08-05-2018,Central,1903,0.16,647.02
OD3251,Sabeela,Snacks,Noodles,Bodi,06-01-2016,Central,1807,0.16,795.08
OD3252,Komal,Beverages,Health Drinks,Trichy,3/17/2015,Central,2433,0.35,1046.19
OD3253,Ridhesh,Snacks,Cookies,Salem,08-10-2018,Central,535,0.23,48.15
OD3254,Rumaiza,Snacks,Noodles,Virudhunagar,9/22/2017,Central,1835,0.19,293.6
OD3255,Vinne,Oil & Masala,Masalas,Dharmapuri,9/13/2017,Central,2081,0.22,894.83
OD3256,Sharon,Beverages,Soft Drinks,Pudukottai,03-05-2016,Central,1636,0.14,736.2
OD3257,Aditi,Food Grains,Dals & Pulses,Namakkal,11-11-2018,Central,2069,0.23,744.84
OD3258,Shah,Beverages,Health Drinks,Ramanadhapuram,4/20/2018,Central,1562,0.27,421.74
OD3259,Shah,Beverages,Soft Drinks,Coimbatore,06-01-2016,Central,1726,0.2,500.54
OD3260,Kumar,Bakery,Breads & Buns,Salem,7/25/2018,Central,1633,0.1,718.52
OD3261,Hafiz,"Eggs, Meat & Fish",Chicken,Karur,11/13/2016,Central,1415,0.18,353.75
OD3262,Yusuf,Snacks,Cookies,Tenkasi,9/22/2017,Central,2126,0.28,616.54
OD3263,Willams,Fruits & Veggies,Organic Vegetables,Nagercoil,3/17/2015,Central,730,0.1,146
OD3264,Kumar,"Eggs, Meat & Fish",Chicken,Trichy,11/30/2017,Central,1609,0.29,579.24
OD3265,Veena,Snacks,Cookies,Krishnagiri,10/20/2017,Central,2229,0.12,824.73
OD3266,Malik,"Eggs, Meat & Fish",Mutton,Nagercoil,2/13/2018,Central,1637,0.25,654.8
OD3267,Haseena,Oil & Masala,Masalas,Theni,7/17/2017,Central,780,0.2,46.8
OD3268,Harish,Food Grains,Dals & Pulses,Dindigul,8/31/2018,Central,1456,0.17,364
OD3269,Sudeep,Food Grains,Organic Staples,Virudhunagar,5/19/2015,Central,1464,0.14,409.92
OD3270,Akash,Beverages,Health Drinks,Dindigul,08-05-2018,Central,1567,0.26,642.47
OD3271,Ravi,Snacks,Noodles,Tirunelveli,11/20/2018,Central,2083,0.19,708.22
OD3272,Jonas,"Eggs, Meat & Fish",Fish,Chennai,3/17/2015,Central,2351,0.23,963.91